
  
  
  
  
  
  
  
  
  
  
  
  
  
 
  
  <record xsi:schemaLocation="http://www.loc.gov/MARC21/slim http://www.loc.gov/standards/marcxml/schema/MARC21slim.xsd">
      <leader>00000cam a2200697 a 4500</leader>
      <controlfield tag="FMT">BK</controlfield>
      <controlfield tag="LDR">00000cam a2200697 a 4500</controlfield>
      <controlfield tag="001">000047718</controlfield>
      <controlfield tag="003">OCoLC</controlfield>
      <controlfield tag="005">20181001142309.0</controlfield>
      <controlfield tag="008">030916s2004    enkab    b    001 0 eng c</controlfield>
      <datafield tag="015" ind1=" " ind2=" ">
         <subfield code="a">GBA4-21221</subfield>
      </datafield>
      <datafield tag="015" ind1=" " ind2=" ">
         <subfield code="a">GBA3U3369</subfield>
         <subfield code="2">bnb</subfield>
      </datafield>
      <datafield tag="016" ind1=" " ind2=" ">
         <subfield code="a">700/2=USNAF preferred</subfield>
      </datafield>
      <datafield tag="016" ind1="7" ind2=" ">
         <subfield code="a">0195297547</subfield>
         <subfield code="2">Uk</subfield>
      </datafield>
      <datafield tag="016" ind1="7" ind2=" ">
         <subfield code="a">009697233</subfield>
         <subfield code="2">Uk</subfield>
      </datafield>
      <datafield tag="020" ind1=" " ind2=" ">
         <subfield code="a">0195297547</subfield>
      </datafield>
      <datafield tag="020" ind1=" " ind2=" ">
         <subfield code="a">9780195297546</subfield>
      </datafield>
      <datafield tag="020" ind1=" " ind2=" ">
         <subfield code="a">0195297512</subfield>
      </datafield>
      <datafield tag="020" ind1=" " ind2=" ">
         <subfield code="a">9780195297515</subfield>
      </datafield>
      <datafield tag="035" ind1=" " ind2=" ">
         <subfield code="a">(OCoLC)53156772</subfield>
         <subfield code="z">(OCoLC)56454206</subfield>
         <subfield code="z">(OCoLC)223213347</subfield>
         <subfield code="z">(OCoLC)698350398</subfield>
         <subfield code="z">(OCoLC)1004589903</subfield>
         <subfield code="z">(OCoLC)1029098875</subfield>
      </datafield>
      <datafield tag="040" ind1=" " ind2=" ">
         <subfield code="a">UKM</subfield>
         <subfield code="b">eng</subfield>
         <subfield code="c">UKM</subfield>
         <subfield code="d">OXF</subfield>
         <subfield code="d">WAU</subfield>
         <subfield code="d">OBE</subfield>
         <subfield code="d">YDXCP</subfield>
         <subfield code="d">BAKER</subfield>
         <subfield code="d">LVB</subfield>
         <subfield code="d">ZCU</subfield>
         <subfield code="d">OCLCQ</subfield>
         <subfield code="d">OCLCO</subfield>
         <subfield code="d">MR4</subfield>
         <subfield code="d">CUD</subfield>
         <subfield code="d">N15</subfield>
         <subfield code="d">AZT</subfield>
         <subfield code="d">OCLCF</subfield>
         <subfield code="d">UKMGB</subfield>
         <subfield code="d">OCLCA</subfield>
         <subfield code="d">OCLCO</subfield>
         <subfield code="d">MBB</subfield>
         <subfield code="d">AUD</subfield>
         <subfield code="d">UX0</subfield>
         <subfield code="d">ICW</subfield>
         <subfield code="d">HCO</subfield>
         <subfield code="d">OCLCO</subfield>
         <subfield code="d">OCL</subfield>
      </datafield>
      <datafield tag="041" ind1="1" ind2=" ">
         <subfield code="a">eng</subfield>
         <subfield code="h">heb</subfield>
      </datafield>
      <datafield tag="042" ind1=" " ind2=" ">
         <subfield code="a">pcc</subfield>
      </datafield>
      <datafield tag="050" ind1=" " ind2="4">
         <subfield code="a">BS895</subfield>
         <subfield code="b">.J4 2004</subfield>
      </datafield>
      <datafield tag="079" ind1=" " ind2=" ">
         <subfield code="a">(OCoLC)53156772</subfield>
      </datafield>
      <datafield tag="082" ind1="0" ind2="4">
         <subfield code="a">220.447</subfield>
         <subfield code="2">21</subfield>
      </datafield>
      <datafield tag="130" ind1="0" ind2=" ">
         <subfield code="a">Bible.</subfield>
         <subfield code="p">Old Testament.</subfield>
         <subfield code="l">English</subfield>
         <subfield code="s">(Jewish Publication Society)</subfield>
         <subfield code="f">2004.</subfield>
      </datafield>
      <datafield tag="245" ind1="1" ind2="4">
         <subfield code="a">The Jewish study Bible :</subfield>
         <subfield code="b">Jewish Publication Society Tanakh translation /</subfield>
         <subfield code="c">Adele Berlin and Marc Zvi Brettler, editors ; Michael Fishbane, consulting editor.</subfield>
      </datafield>
      <datafield tag="260" ind1=" " ind2=" ">
         <subfield code="a">Oxford ;</subfield>
         <subfield code="a">New York :</subfield>
         <subfield code="b">Oxford University Press,</subfield>
         <subfield code="c">©2004.</subfield>
      </datafield>
      <datafield tag="300" ind1=" " ind2=" ">
         <subfield code="a">xxiii, 2181, 9 pages :</subfield>
         <subfield code="b">illustrations, color maps ;</subfield>
         <subfield code="c">23 cm</subfield>
      </datafield>
      <datafield tag="336" ind1=" " ind2=" ">
         <subfield code="a">text</subfield>
         <subfield code="b">txt</subfield>
         <subfield code="2">rdacontent</subfield>
      </datafield>
      <datafield tag="337" ind1=" " ind2=" ">
         <subfield code="a">unmediated</subfield>
         <subfield code="b">n</subfield>
         <subfield code="2">rdamedia</subfield>
      </datafield>
      <datafield tag="338" ind1=" " ind2=" ">
         <subfield code="a">volume</subfield>
         <subfield code="b">nc</subfield>
         <subfield code="2">rdacarrier</subfield>
      </datafield>
      <datafield tag="500" ind1=" " ind2=" ">
         <subfield code="a">ISAW copy is from the library of Lawrence E. Stager.</subfield>
         <subfield code="5">NyNyUAW</subfield>
      </datafield>
      <datafield tag="504" ind1=" " ind2=" ">
         <subfield code="a">Includes bibliographical references (pages 2120-2121) and indexes.</subfield>
      </datafield>
      <datafield tag="520" ind1=" " ind2=" ">
         <subfield code="a">A modern translation of the Jewish Bible is accompanied by detailed annotations, maps, a glossary, and two dozen essays by esteemed biblical scholars on various aspects of the Hebrew scriptures.</subfield>
      </datafield>
      <datafield tag="505" ind1="0" ind2="0">
         <subfield code="t">Introduction: What Is The Jewish Study Bible? /</subfield>
         <subfield code="r">Adele Berlin and Marc Zvi Brettler --</subfield>
         <subfield code="t">Preface to the 1985 JPS Edition --</subfield>
         <subfield code="t">Torah: Introduction /</subfield>
         <subfield code="r">Marc Zvi Brettler --</subfield>
         <subfield code="t">Genesis: Introduction and Annotations /</subfield>
         <subfield code="r">Jon D. Levenson --</subfield>
         <subfield code="t">Exodus: Introduction and Annotations /</subfield>
         <subfield code="r">Jeffrey H. Tigay --</subfield>
         <subfield code="t">Leviticus: Introduction and Annotations /</subfield>
         <subfield code="r">Baruch J. Schwartz --</subfield>
         <subfield code="t">Numbers: Introduction and Annotations /</subfield>
         <subfield code="r">Nili S. Fox --</subfield>
         <subfield code="t">Deuteronomy: Introduction and Annotations /</subfield>
         <subfield code="r">Bernard M. Levinson --</subfield>
         <subfield code="t">Nev'im: Introduction /</subfield>
         <subfield code="r">Marc Zvi Brettler --</subfield>
         <subfield code="t">Joshua: Introduction and Annotations /</subfield>
         <subfield code="r">Carol Meyers --</subfield>
         <subfield code="t">Judges: Introduction and Annotations /</subfield>
         <subfield code="r">Yairah Amit --</subfield>
         <subfield code="t">First Samuel: Introduction and Annotations /</subfield>
         <subfield code="r">Shimon Bar-Efrat --</subfield>
         <subfield code="t">Second Samuel: Introduction and Annotations /</subfield>
         <subfield code="r">Shimon Bar-Efrat --</subfield>
         <subfield code="t">First Kings: Introduction and Annotations /</subfield>
         <subfield code="r">Ziony Zevit --</subfield>
         <subfield code="t">Second Samuel: Introduction and Annotations /</subfield>
         <subfield code="r">Ziony Zevit --</subfield>
         <subfield code="t">Isaiah: Introduction and Annotations /</subfield>
      </datafield>
      <datafield tag="505" ind1="0" ind2="0">
         <subfield code="r">Benjamin D. Sommer --</subfield>
         <subfield code="t">Jeremiah: Introduction and Annotations /</subfield>
         <subfield code="r">Marvin A. Sweeney --</subfield>
         <subfield code="t">Ezekiel: Introduction and Annotations /</subfield>
         <subfield code="r">Marvin A. Sweeney --</subfield>
         <subfield code="t">Twelve Minor Prophets: Introductions and Annotations /</subfield>
         <subfield code="r">Ehun Ben Zvi --</subfield>
         <subfield code="t">Hosea --</subfield>
         <subfield code="t">Joel --</subfield>
         <subfield code="t">Amos --</subfield>
         <subfield code="t">Obadiah --</subfield>
         <subfield code="t">Jonah --</subfield>
         <subfield code="t">Micah --</subfield>
         <subfield code="t">Nahum --</subfield>
         <subfield code="t">Habakkuk --</subfield>
         <subfield code="t">Zephaniah --</subfield>
         <subfield code="t">Haggai --</subfield>
         <subfield code="t">Zechariah --</subfield>
         <subfield code="t">Malachi --</subfield>
         <subfield code="t">Kethuvim: Introduction /</subfield>
         <subfield code="r">Marc Zvi Brettler --</subfield>
         <subfield code="t">Psalms: Introduction and Annotations /</subfield>
         <subfield code="r">Adele Berlin and Marc Zvi Brettler --</subfield>
         <subfield code="t">Proverbs: Introduction and Annotations /</subfield>
         <subfield code="r">Michael V. Fox --</subfield>
         <subfield code="t">Job: Introduction and Annotations /</subfield>
         <subfield code="r">Mayer Gruber --</subfield>
         <subfield code="t">Scrolls: Introduction /</subfield>
         <subfield code="r">Marc Zvi Brettler --</subfield>
         <subfield code="t">Song of Songs: Introduction and Annotations /</subfield>
         <subfield code="r">Elsie Stern --</subfield>
         <subfield code="t">Ruth: Introduction and Annotations /</subfield>
         <subfield code="r">Adele Reinhartz --</subfield>
         <subfield code="t">Lamentations: Introduction and Annotations /</subfield>
         <subfield code="r">Daniel Grossberg --</subfield>
         <subfield code="t">Ecclesiastes: Introduction and Annotations /</subfield>
         <subfield code="r">Peter Machinist</subfield>
      </datafield>
      <datafield tag="505" ind1="0" ind2="0">
         <subfield code="t">Esther: Introduction and Annotations /</subfield>
         <subfield code="r">Adele Berlin</subfield>
      </datafield>
      <datafield tag="505" ind1="8" ind2="0">
         <subfield code="t">Daniel: Introduction and Annotations /</subfield>
         <subfield code="r">Lawrence M. Wills --</subfield>
         <subfield code="t">Ezra: Introduction and Annotations /</subfield>
         <subfield code="r">Hindy Najman --</subfield>
         <subfield code="t">Nehemiah: Introduction and Annotations /</subfield>
         <subfield code="r">Hindy Najman --</subfield>
         <subfield code="t">First Chronicles: Introduction and Annotations /</subfield>
         <subfield code="r">David Rothstein --</subfield>
         <subfield code="t">Second Chronicles: Introduction and Annotations /</subfield>
         <subfield code="r">David Rothstein --</subfield>
         <subfield code="t">Essays: Introduction /</subfield>
         <subfield code="r">Adele Berlin and Marc Zvi Brettler --</subfield>
         <subfield code="t">Inner-biblical Interpretation /</subfield>
         <subfield code="r">Benjamin D. Sommer --</subfield>
         <subfield code="t">Early Nonrabbinic Interpretation /</subfield>
         <subfield code="r">Hindy Najman --</subfield>
         <subfield code="t">Classical Rabbinic Interpretation /</subfield>
         <subfield code="r">Yaakov Elman --</subfield>
         <subfield code="t">Midrash and Midrashic Interpretation /</subfield>
         <subfield code="r">David Stern --</subfield>
         <subfield code="t">Medieval Jewish Interpretation /</subfield>
         <subfield code="r">Barry D. Walfish --</subfield>
         <subfield code="t">Post-medieval Jewish Interpretation /</subfield>
         <subfield code="r">Edward Breuer --</subfield>
         <subfield code="t">Modern Jewish Interpretation /</subfield>
         <subfield code="r">S. David Sperling --</subfield>
         <subfield code="t">Bible in the Dead Sea Scrolls /</subfield>
         <subfield code="r">Esther Eshel --</subfield>
         <subfield code="t">Bible in the Synagogue /</subfield>
         <subfield code="r">Avigdor Shinan --</subfield>
         <subfield code="t">Bible in the Liturgy /</subfield>
         <subfield code="r">Stefan C. Reif --</subfield>
         <subfield code="t">Bible in the Jewish Philosophical Tradition /</subfield>
         <subfield code="r">Hava Tirosh-Samuelson --</subfield>
         <subfield code="t">Bible in the Jewish Mystical Tradition: Background /</subfield>
         <subfield code="r">The editors --</subfield>
         <subfield code="t">Glorious Name and the Incarnate Torah /</subfield>
         <subfield code="r">Elliot R. Wolfson --</subfield>
         <subfield code="t">Bible in Israeli Life /</subfield>
         <subfield code="r">Uriel Simon --</subfield>
         <subfield code="t">Jewish Women's Scholarly Writings on the Bible /</subfield>
         <subfield code="r">Adele Reinhartz --</subfield>
         <subfield code="t">Jewish Translations of the Bible /</subfield>
         <subfield code="r">Leonard J. Greenspoon --</subfield>
         <subfield code="t">Religion of the Bible /</subfield>
         <subfield code="r">Stephen A. Geller --</subfield>
         <subfield code="t">Concepts of Purity in the Bible /</subfield>
         <subfield code="r">Jonathan Klawans --</subfield>
         <subfield code="t">Historical and Geographical Background to the Bible: Adapted /</subfield>
         <subfield code="r">Adele Berlin and Marc Zvi Brettler --</subfield>
         <subfield code="t">Languages of the Bible /</subfield>
         <subfield code="r">Steven E. Fassberg --</subfield>
         <subfield code="t">Textual Criticism of the Bible /</subfield>
         <subfield code="r">Adele Berlin and Marc Zvi Brettler --</subfield>
         <subfield code="t">Canonization of the Bible /</subfield>
         <subfield code="r">Marc Zvi Brettler --</subfield>
         <subfield code="t">Development of the Masoretic Bible /</subfield>
         <subfield code="r">Jordan S. Penkower --</subfield>
         <subfield code="t">Modern Study of the Bible: Adapted /</subfield>
         <subfield code="r">Adele Berlin and Marc Zvi Brettler --</subfield>
         <subfield code="t">Reading Biblical Poetry /</subfield>
         <subfield code="r">Adele Berlin --</subfield>
         <subfield code="t">Tables and Charts: Weights and Measures</subfield>
      </datafield>
      <datafield tag="505" ind1="8" ind2="0">
         <subfield code="t">Tables and Charts: Timeline --</subfield>
         <subfield code="t">Tables and Charts: Chronological Table of Rulers --</subfield>
         <subfield code="t">Tables and Charts: Calendar --</subfield>
         <subfield code="t">Tables and Charts: Tale of Biblical Readings --</subfield>
         <subfield code="t">Tables and Charts: Chapter and Verse Differences.</subfield>
      </datafield>
      <datafield tag="630" ind1="0" ind2="0">
         <subfield code="a">Bible.</subfield>
         <subfield code="p">Old Testament</subfield>
         <subfield code="v">Commentaries.</subfield>
      </datafield>
      <datafield tag="630" ind1="0" ind2="6">
         <subfield code="a">Bible.</subfield>
         <subfield code="p">A.T.</subfield>
         <subfield code="v">Commentaires.</subfield>
      </datafield>
      <datafield tag="630" ind1="0" ind2="7">
         <subfield code="a">Bible.</subfield>
         <subfield code="p">Old Testament.</subfield>
         <subfield code="2">fast</subfield>
         <subfield code="0">(OCoLC)fst01808092</subfield>
      </datafield>
      <datafield tag="630" ind1="0" ind2="4">
         <subfield code="a">Bible.</subfield>
         <subfield code="l">Hebrew</subfield>
         <subfield code="x">Criticism, interpretation, etc.</subfield>
      </datafield>
      <datafield tag="630" ind1="0" ind2="4">
         <subfield code="a">Bible.</subfield>
         <subfield code="l">Hebrew</subfield>
         <subfield code="v">Commentaries.</subfield>
      </datafield>
      <datafield tag="655" ind1=" " ind2="7">
         <subfield code="a">Sacred works.</subfield>
         <subfield code="2">fast</subfield>
         <subfield code="0">(OCoLC)fst01923249</subfield>
      </datafield>
      <datafield tag="655" ind1=" " ind2="7">
         <subfield code="a">Commentaries.</subfield>
         <subfield code="2">fast</subfield>
         <subfield code="0">(OCoLC)fst01423723</subfield>
      </datafield>
      <datafield tag="655" ind1=" " ind2="7">
         <subfield code="a">Sacred works.</subfield>
         <subfield code="2">lcgft</subfield>
      </datafield>
      <datafield tag="700" ind1="1" ind2=" ">
         <subfield code="a">Stager, Lawrence E.,</subfield>
         <subfield code="e">former owner.</subfield>
         <subfield code="5">NyNyUAW</subfield>
      </datafield>
      <datafield tag="740" ind1="0" ind2=" ">
         <subfield code="a">Stager Collection.</subfield>
         <subfield code="5">NyNyUAW</subfield>
      </datafield>
      <datafield tag="700" ind1="1" ind2=" ">
         <subfield code="a">Berlin, Adele.</subfield>
      </datafield>
      <datafield tag="700" ind1="1" ind2=" ">
         <subfield code="a">Brettler, Marc Zvi.</subfield>
      </datafield>
      <datafield tag="700" ind1="1" ind2=" ">
         <subfield code="a">Fishbane, Michael,</subfield>
         <subfield code="d">1943-</subfield>
      </datafield>
      <datafield tag="710" ind1="2" ind2=" ">
         <subfield code="a">Jewish Publication Society.</subfield>
      </datafield>
      <datafield tag="OWN" ind1=" " ind2=" ">
         <subfield code="a">GENERAL</subfield>
      </datafield>
      <datafield tag="AVA" ind1=" " ind2=" ">
         <subfield code="a">NYU51</subfield>
         <subfield code="b">NABUD</subfield>
         <subfield code="c">Main Collection</subfield>
         <subfield code="d">BS895 .J4 2004</subfield>
         <subfield code="e">available</subfield>
         <subfield code="t">Available</subfield>
         <subfield code="f">1</subfield>
         <subfield code="g">0</subfield>
         <subfield code="h">N</subfield>
         <subfield code="i">0</subfield>
         <subfield code="j">MAIN</subfield>
         <subfield code="k">0</subfield>
      </datafield>
      <datafield tag="AVA" ind1=" " ind2=" ">
         <subfield code="a">NYU50</subfield>
         <subfield code="b">BOBST</subfield>
         <subfield code="c">Main Collection</subfield>
         <subfield code="d">BS895 .J4 2004</subfield>
         <subfield code="e">available</subfield>
         <subfield code="t">Available</subfield>
         <subfield code="f">2</subfield>
         <subfield code="g">1</subfield>
         <subfield code="h">N</subfield>
         <subfield code="i">10</subfield>
         <subfield code="j">MAIN</subfield>
         <subfield code="k">0</subfield>
      </datafield>
      <datafield tag="AVA" ind1=" " ind2=" ">
         <subfield code="a">NYU50</subfield>
         <subfield code="b">NISAW</subfield>
         <subfield code="c">Reference 4 Collection</subfield>
         <subfield code="d">BS895 .J4 2004 Non-circulating</subfield>
         <subfield code="e">available</subfield>
         <subfield code="t">Available</subfield>
         <subfield code="f">1</subfield>
         <subfield code="g">0</subfield>
         <subfield code="h">N</subfield>
         <subfield code="i">0</subfield>
         <subfield code="j">REF4</subfield>
         <subfield code="k">0</subfield>
      </datafield>
      <marc:datafield tag="852" ind1=" " ind2=" ">
         <marc:subfield code="b">Institute for the Study of the Ancient World, </marc:subfield>
         <marc:subfield code="c">Reference 4 Collection</marc:subfield>
         <marc:subfield code="e">15 East 84th St., </marc:subfield>
         <marc:subfield code="e">New York, NY  10028</marc:subfield>
      </marc:datafield>
   </record>