
  
  
  
  
  
  
  
  
  
  
  
  
 
  
  <record xsi:schemaLocation="http://www.loc.gov/MARC21/slim http://www.loc.gov/standards/marcxml/schema/MARC21slim.xsd">
      <leader>00000cam a2200769 i 4500</leader>
      <controlfield tag="FMT">BK</controlfield>
      <controlfield tag="LDR">00000cam a2200769 i 4500</controlfield>
      <controlfield tag="001">002775347</controlfield>
      <controlfield tag="003">OCoLC</controlfield>
      <controlfield tag="005">20181001163455.0</controlfield>
      <controlfield tag="007">ta</controlfield>
      <controlfield tag="008">741112s1974    pauh     b    001 0 eng</controlfield>
      <datafield tag="010" ind1=" " ind2=" ">
         <subfield code="a">70179634</subfield>
      </datafield>
      <datafield tag="020" ind1=" " ind2=" ">
         <subfield code="a">0800660048</subfield>
      </datafield>
      <datafield tag="020" ind1=" " ind2=" ">
         <subfield code="a">9780800660048</subfield>
      </datafield>
      <datafield tag="035" ind1=" " ind2=" ">
         <subfield code="a">(OCoLC)1074315</subfield>
         <subfield code="z">(OCoLC)1186445</subfield>
         <subfield code="z">(OCoLC)1236669</subfield>
         <subfield code="z">(OCoLC)787515371</subfield>
      </datafield>
      <datafield tag="040" ind1=" " ind2=" ">
         <subfield code="a">DLC</subfield>
         <subfield code="b">eng</subfield>
         <subfield code="e">rda</subfield>
         <subfield code="c">DLC</subfield>
         <subfield code="d">OCL</subfield>
         <subfield code="d">OCLCQ</subfield>
         <subfield code="d">MUQ</subfield>
         <subfield code="d">BAKER</subfield>
         <subfield code="d">NLGGC</subfield>
         <subfield code="d">BTCTA</subfield>
         <subfield code="d">UBA</subfield>
         <subfield code="d">YDXCP</subfield>
         <subfield code="d">DEBBG</subfield>
         <subfield code="d">EUM</subfield>
         <subfield code="d">OCLCQ</subfield>
         <subfield code="d">KIJ</subfield>
         <subfield code="d">BDX</subfield>
         <subfield code="d">CFT</subfield>
         <subfield code="d">OCLCO</subfield>
         <subfield code="d">OCLCA</subfield>
         <subfield code="d">OCLCF</subfield>
         <subfield code="d">OCLCQ</subfield>
         <subfield code="d">XII</subfield>
         <subfield code="d">OCLCO</subfield>
         <subfield code="d">OCLCA</subfield>
         <subfield code="d">TUU</subfield>
         <subfield code="d">SE4M6</subfield>
         <subfield code="d">MNA</subfield>
         <subfield code="d">OCLCO</subfield>
         <subfield code="d">OCL</subfield>
         <subfield code="d">DHA</subfield>
         <subfield code="d">OCLCQ</subfield>
         <subfield code="d">TYC</subfield>
      </datafield>
      <datafield tag="041" ind1="1" ind2=" ">
         <subfield code="a">eng</subfield>
         <subfield code="h">ger</subfield>
      </datafield>
      <datafield tag="050" ind1="0" ind2="0">
         <subfield code="a">BS1565.3</subfield>
         <subfield code="b">.W64213</subfield>
      </datafield>
      <datafield tag="079" ind1=" " ind2=" ">
         <subfield code="a">(OCoLC)1074315</subfield>
      </datafield>
      <datafield tag="080" ind1=" " ind2=" ">
         <subfield code="a">224.1</subfield>
      </datafield>
      <datafield tag="082" ind1="0" ind2="0">
         <subfield code="a">224/.6/077</subfield>
      </datafield>
      <datafield tag="084" ind1=" " ind2=" ">
         <subfield code="a">11.41</subfield>
         <subfield code="2">bcl</subfield>
      </datafield>
      <datafield tag="084" ind1=" " ind2=" ">
         <subfield code="a">BC 4000</subfield>
         <subfield code="2">rvk</subfield>
      </datafield>
      <datafield tag="084" ind1=" " ind2=" ">
         <subfield code="a">BC 4440</subfield>
         <subfield code="2">rvk</subfield>
      </datafield>
      <datafield tag="086" ind1="0" ind2=" ">
         <subfield code="a">I 19.42/4:2001-4162</subfield>
      </datafield>
      <datafield tag="090" ind1=" " ind2=" ">
         <subfield code="a">BS1565.3</subfield>
         <subfield code="b">.W64213</subfield>
         <subfield code="i">08/29/86 T</subfield>
         <subfield code="h">08/13/86 CT</subfield>
      </datafield>
      <datafield tag="100" ind1="1" ind2=" ">
         <subfield code="a">Wolff, Hans Walter,</subfield>
         <subfield code="e">author.</subfield>
      </datafield>
      <datafield tag="240" ind1="1" ind2="0">
         <subfield code="a">Hosea.</subfield>
         <subfield code="l">English</subfield>
      </datafield>
      <datafield tag="245" ind1="1" ind2="0">
         <subfield code="a">Hosea :</subfield>
         <subfield code="b">a commentary on the book of the Prophet Hosea /</subfield>
         <subfield code="c">by Hans Walter Wolff ; translated by Gary Stansell ; edited by Paul D. Hanson.</subfield>
      </datafield>
      <datafield tag="264" ind1=" " ind2="1">
         <subfield code="a">Philadelphia :</subfield>
         <subfield code="b">Fortress Press,</subfield>
         <subfield code="c">[1974]</subfield>
      </datafield>
      <datafield tag="300" ind1=" " ind2=" ">
         <subfield code="a">xxxii, 259 pages :</subfield>
         <subfield code="b">facsimile ;</subfield>
         <subfield code="c">25 cm.</subfield>
      </datafield>
      <datafield tag="336" ind1=" " ind2=" ">
         <subfield code="a">text</subfield>
         <subfield code="b">txt</subfield>
         <subfield code="2">rdacontent</subfield>
      </datafield>
      <datafield tag="337" ind1=" " ind2=" ">
         <subfield code="a">unmediated</subfield>
         <subfield code="b">n</subfield>
         <subfield code="2">rdamedia</subfield>
      </datafield>
      <datafield tag="338" ind1=" " ind2=" ">
         <subfield code="a">volume</subfield>
         <subfield code="b">nc</subfield>
         <subfield code="2">rdacarrier</subfield>
      </datafield>
      <datafield tag="490" ind1="1" ind2=" ">
         <subfield code="a">Hermeneia--a critical and historical commentary on the Bible</subfield>
      </datafield>
      <datafield tag="500" ind1=" " ind2=" ">
         <subfield code="a">ISAW copy is from the library of Lawrence E. Stager.</subfield>
         <subfield code="5">NyNyUAW</subfield>
      </datafield>
      <datafield tag="500" ind1=" " ind2=" ">
         <subfield code="a">Original German edition published as volume 1 of the series Dodekapropheton.</subfield>
      </datafield>
      <datafield tag="504" ind1=" " ind2=" ">
         <subfield code="a">Includes bibliographical references and indexes.</subfield>
      </datafield>
      <datafield tag="505" ind1="0" ind2=" ">
         <subfield code="a">Introduction -- The period -- The prophet himself -- The language of Hosea -- The theology of Hosea -- The transmission of Hosea's prophecy -- 1.1 The title of the book -- 1:2-9 The prophet's family as a symbol of God's judgment -- Excursus: The growth and formation of chapters 1-3 -- Excursus: The sex cult -- 2:1-3 The great day of Jezreel -- 2:4-17 Legal proceedings against unfaithful Israel -- Excursus: The Baal divinities -- Excursus: The Valley of Achor -- 2:18-25 The day of the new covenant -- Excursus: Yahweh as Baal -- 3:1-5 How Yahweh's love works -- Excursus: Memorabile -- 4:1-3 Yahweh's lawsuit against Israel -- 4:4-19 A spirit of whoredom in Israel's worship -- 5:1-7 The teacher of the unrepentant -- 5:8--7:16 Return in the midst of collapse? -- Excursus: Resurrection on the third day -- 8:1-14 Sow the wind and reap the whirlwind -- Excursus: The deitic function of ? -- Excursus: (Torah) in Hosea -- Excursus: (guilt) and (sin) -- Excursus: "Egypt" in Hosea -- 9:1-9 The end of the festivals -- 9:10-17 Ephraim's glory has vanished -- Excursus: Israel and Ephraim -- 10:1-8 Shattered altars -- 10:9-15 War-The fruit of false trust -- 11:1-11 Love's consequences -- 12:1-15 Betrayal of the prophetic word -- 13:1--14:1 Israel's revolt against her deliverer leads to death -- 14:2-9 The healing of spontaneous love -- 14:10 The traditionist's conclusion.</subfield>
      </datafield>
      <datafield tag="630" ind1="0" ind2="0">
         <subfield code="a">Bible.</subfield>
         <subfield code="p">Hosea</subfield>
         <subfield code="v">Commentaries.</subfield>
      </datafield>
      <datafield tag="630" ind1="0" ind2="4">
         <subfield code="a">Bible.</subfield>
         <subfield code="p">Hosea.</subfield>
      </datafield>
      <datafield tag="630" ind1="0" ind2="7">
         <subfield code="a">Bible.</subfield>
         <subfield code="p">Hosea.</subfield>
         <subfield code="2">fast</subfield>
         <subfield code="0">(OCoLC)fst01892913</subfield>
      </datafield>
      <datafield tag="655" ind1=" " ind2="7">
         <subfield code="a">Reference works.</subfield>
         <subfield code="2">fast</subfield>
         <subfield code="0">(OCoLC)fst01919963</subfield>
      </datafield>
      <datafield tag="655" ind1=" " ind2="7">
         <subfield code="a">Commentaries.</subfield>
         <subfield code="2">fast</subfield>
         <subfield code="0">(OCoLC)fst01423723</subfield>
      </datafield>
      <datafield tag="655" ind1=" " ind2="7">
         <subfield code="a">Reference works.</subfield>
         <subfield code="2">lcgft</subfield>
      </datafield>
      <datafield tag="700" ind1="1" ind2=" ">
         <subfield code="a">Stager, Lawrence E.,</subfield>
         <subfield code="e">former owner.</subfield>
         <subfield code="5">NyNyUAW</subfield>
      </datafield>
      <datafield tag="740" ind1="0" ind2=" ">
         <subfield code="a">Stager Collection.</subfield>
         <subfield code="5">NyNyUAW</subfield>
      </datafield>
      <datafield tag="700" ind1="1" ind2=" ">
         <subfield code="a">Stansell, Gary,</subfield>
         <subfield code="e">translator.</subfield>
      </datafield>
      <datafield tag="700" ind1="1" ind2=" ">
         <subfield code="a">Hanson, Paul D.,</subfield>
         <subfield code="e">editor.</subfield>
      </datafield>
      <datafield tag="730" ind1="0" ind2="2">
         <subfield code="a">Bible.</subfield>
         <subfield code="p">Hosea.</subfield>
         <subfield code="l">English.</subfield>
         <subfield code="s">Wolff-Stansell.</subfield>
         <subfield code="f">1974.</subfield>
      </datafield>
      <datafield tag="830" ind1=" " ind2="0">
         <subfield code="a">Hermeneia--a critical and historical commentary on the Bible.</subfield>
      </datafield>
      <datafield tag="OWN" ind1=" " ind2=" ">
         <subfield code="a">GENERAL</subfield>
      </datafield>
      <datafield tag="AVA" ind1=" " ind2=" ">
         <subfield code="a">NYU50</subfield>
         <subfield code="b">BOBST</subfield>
         <subfield code="c">Main Collection</subfield>
         <subfield code="d">BS1565.3 .W64213</subfield>
         <subfield code="e">available</subfield>
         <subfield code="t">Available</subfield>
         <subfield code="f">2</subfield>
         <subfield code="g">1</subfield>
         <subfield code="h">N</subfield>
         <subfield code="i">1</subfield>
         <subfield code="j">MAIN</subfield>
         <subfield code="k">0</subfield>
      </datafield>
      <datafield tag="AVA" ind1=" " ind2=" ">
         <subfield code="a">NYU50</subfield>
         <subfield code="b">NISAW</subfield>
         <subfield code="c">Large Collection</subfield>
         <subfield code="d">BS1565.3 .W64213 1974 Non-circulating</subfield>
         <subfield code="e">available</subfield>
         <subfield code="t">Available</subfield>
         <subfield code="f">1</subfield>
         <subfield code="g">0</subfield>
         <subfield code="h">N</subfield>
         <subfield code="i">0</subfield>
         <subfield code="j">LARGE</subfield>
         <subfield code="k">0</subfield>
      </datafield>
      <marc:datafield tag="852" ind1=" " ind2=" ">
         <marc:subfield code="b">Institute for the Study of the Ancient World, </marc:subfield>
         <marc:subfield code="c">Large Collection</marc:subfield>
         <marc:subfield code="e">15 East 84th St., </marc:subfield>
         <marc:subfield code="e">New York, NY  10028</marc:subfield>
      </marc:datafield>
   </record>