
  
  
  
  
  
  
  
  
  
  
  
 
  
  <record xsi:schemaLocation="http://www.loc.gov/MARC21/slim http://www.loc.gov/standards/marcxml/schema/MARC21slim.xsd">
      <leader>00000cam a22     Ii 4500</leader>
      <controlfield tag="FMT">BK</controlfield>
      <controlfield tag="LDR">00000cam a22     Ii 4500</controlfield>
      <controlfield tag="001">006338588</controlfield>
      <controlfield tag="005">20181008122831.0</controlfield>
      <controlfield tag="008">181001s2017    cc ab    c    000 0 chi d</controlfield>
      <datafield tag="020" ind1=" " ind2=" ">
         <subfield code="a">9787550820425</subfield>
      </datafield>
      <datafield tag="020" ind1=" " ind2=" ">
         <subfield code="a">7550820422</subfield>
      </datafield>
      <datafield tag="035" ind1=" " ind2=" ">
         <subfield code="a">(OCoLC)993048282</subfield>
      </datafield>
      <datafield tag="040" ind1=" " ind2=" ">
         <subfield code="a">BCBTC</subfield>
         <subfield code="b">eng</subfield>
         <subfield code="e">rda</subfield>
         <subfield code="c">BCBTC</subfield>
         <subfield code="d">CNPIT</subfield>
         <subfield code="d">MZA</subfield>
         <subfield code="d">OCLCO</subfield>
         <subfield code="d">YUS</subfield>
         <subfield code="d">OCLCF</subfield>
         <subfield code="d">ZYU</subfield>
      </datafield>
      <datafield tag="043" ind1=" " ind2=" ">
         <subfield code="a">a-cc-ho</subfield>
         <subfield code="a">a-cc-ch</subfield>
      </datafield>
      <datafield tag="050" ind1=" " ind2="4">
         <subfield code="a">NK7983.A3</subfield>
         <subfield code="b">H466 2017</subfield>
      </datafield>
      <datafield tag="079" ind1=" " ind2=" ">
         <subfield code="a">(OCoLC)993048282</subfield>
      </datafield>
      <datafield tag="111" ind1="2" ind2=" ">
         <subfield code="6">880-01</subfield>
         <subfield code="a">Nan bei hui ying li yue zhi shang : Liang Zhou shi qi Henan qing tong qi yu Zhejiang yuan shi ci lian zhan</subfield>
         <subfield code="d">(2016 :</subfield>
         <subfield code="c">Hangzhou Shi, China)</subfield>
      </datafield>
      <datafield tag="245" ind1="1" ind2="0">
         <subfield code="6">880-02</subfield>
         <subfield code="a">Nan bei hui ying li yue zhi shang =</subfield>
         <subfield code="b">Joint exhibition of the bronze-ware in Henan and the proto-procelain in Zhejiang during the Zhou period /</subfield>
         <subfield code="c">Hangzhou bo wu guan bian ; Du Zhengxian zhu bian.</subfield>
      </datafield>
      <datafield tag="246" ind1="3" ind2="1">
         <subfield code="a">Joint exhibition of the bronze-ware in Henan and the proto-procelain in Zhejiang during the Zhou period</subfield>
      </datafield>
      <datafield tag="250" ind1=" " ind2=" ">
         <subfield code="6">880-03</subfield>
         <subfield code="a">Di 1 ban.</subfield>
      </datafield>
      <datafield tag="264" ind1=" " ind2="1">
         <subfield code="6">880-04</subfield>
         <subfield code="a">Hangzhou Shi :</subfield>
         <subfield code="b">Xi ling yin she chu ban she,</subfield>
         <subfield code="c">2017.</subfield>
      </datafield>
      <datafield tag="300" ind1=" " ind2=" ">
         <subfield code="a">1, 1, 116 pages :</subfield>
         <subfield code="b">color illustrations, maps ;</subfield>
         <subfield code="c">29 cm</subfield>
      </datafield>
      <datafield tag="336" ind1=" " ind2=" ">
         <subfield code="a">text</subfield>
         <subfield code="b">txt</subfield>
         <subfield code="2">rdacontent</subfield>
      </datafield>
      <datafield tag="336" ind1=" " ind2=" ">
         <subfield code="a">still image</subfield>
         <subfield code="b">sti</subfield>
         <subfield code="2">rdacontent</subfield>
      </datafield>
      <datafield tag="337" ind1=" " ind2=" ">
         <subfield code="a">unmediated</subfield>
         <subfield code="b">n</subfield>
         <subfield code="2">rdamedia</subfield>
      </datafield>
      <datafield tag="338" ind1=" " ind2=" ">
         <subfield code="a">volume</subfield>
         <subfield code="b">nc</subfield>
         <subfield code="2">rdacarrier</subfield>
      </datafield>
      <datafield tag="650" ind1=" " ind2="0">
         <subfield code="a">Bronzes, Chinese</subfield>
         <subfield code="z">China</subfield>
         <subfield code="z">Henan Sheng</subfield>
         <subfield code="v">Exhibitions.</subfield>
      </datafield>
      <datafield tag="650" ind1=" " ind2="0">
         <subfield code="a">Bronzes, Chinese</subfield>
         <subfield code="y">To 221 B.C.</subfield>
         <subfield code="v">Exhibitions.</subfield>
      </datafield>
      <datafield tag="650" ind1=" " ind2="0">
         <subfield code="a">Porcelain, Chinese</subfield>
         <subfield code="z">China</subfield>
         <subfield code="z">Zhejiang Sheng</subfield>
         <subfield code="v">Exhibitions.</subfield>
      </datafield>
      <datafield tag="650" ind1=" " ind2="0">
         <subfield code="a">Porcelain, Chinese</subfield>
         <subfield code="y">To 221 B.C.</subfield>
         <subfield code="v">Exhibitions.</subfield>
      </datafield>
      <datafield tag="651" ind1=" " ind2="7">
         <subfield code="a">Henan (province)</subfield>
         <subfield code="2">tgn</subfield>
         <subfield code="0">http://vocab.getty.edu/page/tgn/7016672</subfield>
         <subfield code="5">NyNyUAW</subfield>
      </datafield>
      <datafield tag="651" ind1=" " ind2="7">
         <subfield code="a">Zhejiang (province)</subfield>
         <subfield code="2">tgn</subfield>
         <subfield code="0">http://vocab.getty.edu/page/tgn/7002076</subfield>
         <subfield code="5">NyNyUAW</subfield>
      </datafield>
      <datafield tag="650" ind1=" " ind2="7">
         <subfield code="a">Bronzes, Chinese.</subfield>
         <subfield code="2">fast</subfield>
         <subfield code="0">(OCoLC)fst00839562</subfield>
      </datafield>
      <datafield tag="650" ind1=" " ind2="7">
         <subfield code="a">Porcelain, Chinese.</subfield>
         <subfield code="2">fast</subfield>
         <subfield code="0">(OCoLC)fst01071734</subfield>
      </datafield>
      <datafield tag="651" ind1=" " ind2="7">
         <subfield code="a">China</subfield>
         <subfield code="z">Henan Sheng.</subfield>
         <subfield code="2">fast</subfield>
         <subfield code="0">(OCoLC)fst01212204</subfield>
      </datafield>
      <datafield tag="651" ind1=" " ind2="7">
         <subfield code="a">China</subfield>
         <subfield code="z">Zhejiang Sheng.</subfield>
         <subfield code="2">fast</subfield>
         <subfield code="0">(OCoLC)fst01212275</subfield>
      </datafield>
      <datafield tag="648" ind1=" " ind2="7">
         <subfield code="a">To 221 B.C.</subfield>
         <subfield code="2">fast</subfield>
      </datafield>
      <datafield tag="655" ind1=" " ind2="7">
         <subfield code="a">Exhibition catalogs.</subfield>
         <subfield code="2">fast</subfield>
         <subfield code="0">(OCoLC)fst01424028</subfield>
      </datafield>
      <datafield tag="700" ind1="1" ind2=" ">
         <subfield code="6">880-05</subfield>
         <subfield code="a">Du, Zhengxian,</subfield>
         <subfield code="e">editor.</subfield>
      </datafield>
      <datafield tag="710" ind1="2" ind2=" ">
         <subfield code="6">880-06</subfield>
         <subfield code="a">Hangzhou bo wu guan,</subfield>
         <subfield code="e">editor.</subfield>
      </datafield>
      <datafield tag="880" ind1="2" ind2=" ">
         <subfield code="6">111-01/</subfield>
         <subfield code="a">南北辉映礼乐至上 : 两周时期河南青铜器与浙江原始瓷联展</subfield>
         <subfield code="d">(2016 :</subfield>
         <subfield code="c">Hangzhou Shi, China)</subfield>
      </datafield>
      <datafield tag="880" ind1="1" ind2="0">
         <subfield code="6">245-02/</subfield>
         <subfield code="a">南北辉映礼乐至上 =</subfield>
         <subfield code="b">Joint exhibition of the bronze-ware in Henan and the proto-procelain in Zhejiang during the Zhou period /</subfield>
         <subfield code="c">杭州博物馆编 ; 杜正贤主编.</subfield>
      </datafield>
      <datafield tag="880" ind1=" " ind2=" ">
         <subfield code="6">250-03/</subfield>
         <subfield code="a">第1版.</subfield>
      </datafield>
      <datafield tag="880" ind1=" " ind2="1">
         <subfield code="6">264-04/</subfield>
         <subfield code="a">杭州市 :</subfield>
         <subfield code="b">西泠印社出版社,</subfield>
         <subfield code="c">2017.</subfield>
      </datafield>
      <datafield tag="880" ind1=" " ind2=" ">
         <subfield code="6">520-00/</subfield>
         <subfield code="a">由杜正贤主编的"南北辉映礼乐至上"录杭州博物馆'两周时期河南青铜器浙江原始瓷联展'上展出的相关图片120余幅,同时收有有关专家对这两类文物的研究文字,注释等,是两周时期河南青铜器浙江原始瓷的集中展示,不仅可以让人们了解两周时期河南青铜器与浙江原始瓷的真实面貌,还可以促进人们对这两类文物的不同特征,工艺水平,艺术价值的研究,增强对中国古代历史文化的认识.两周时的历史对于现在的人们来说比较陌生,此书的出版正好可以让更多人通过文物了解当时的历史文化和社会风俗.</subfield>
      </datafield>
      <datafield tag="880" ind1="1" ind2=" ">
         <subfield code="6">700-05/</subfield>
         <subfield code="a">杜正贤,</subfield>
         <subfield code="e">editor.</subfield>
      </datafield>
      <datafield tag="880" ind1="2" ind2=" ">
         <subfield code="6">710-06/</subfield>
         <subfield code="a">杭州博物馆,</subfield>
         <subfield code="e">editor.</subfield>
      </datafield>
      <datafield tag="OWN" ind1=" " ind2=" ">
         <subfield code="a">GENERAL</subfield>
      </datafield>
      <datafield tag="AVA" ind1=" " ind2=" ">
         <subfield code="a">NYU50</subfield>
         <subfield code="b">NISAW</subfield>
         <subfield code="c">Large Collection</subfield>
         <subfield code="d">NK7983.A3 H466 2017 Non-circulating</subfield>
         <subfield code="e">available</subfield>
         <subfield code="t">Available</subfield>
         <subfield code="f">1</subfield>
         <subfield code="g">0</subfield>
         <subfield code="h">N</subfield>
         <subfield code="i">0</subfield>
         <subfield code="j">LARGE</subfield>
         <subfield code="k">0</subfield>
      </datafield>
      <marc:datafield tag="852" ind1=" " ind2=" ">
         <marc:subfield code="b">Institute for the Study of the Ancient World, </marc:subfield>
         <marc:subfield code="c">Large Collection</marc:subfield>
         <marc:subfield code="e">15 East 84th St., </marc:subfield>
         <marc:subfield code="e">New York, NY  10028</marc:subfield>
      </marc:datafield>
   </record>