
  
  
  
  
  
  
  
  
  
  
  
 
  
  <record xsi:schemaLocation="http://www.loc.gov/MARC21/slim http://www.loc.gov/standards/marcxml/schema/MARC21slim.xsd">
      <leader>00000cam a22     Ia 4500</leader>
      <controlfield tag="FMT">BK</controlfield>
      <controlfield tag="LDR">00000cam a22     Ia 4500</controlfield>
      <controlfield tag="001">006340979</controlfield>
      <controlfield tag="005">20181015131036.0</controlfield>
      <controlfield tag="008">181003s1997    maub     b    001 0 eng d</controlfield>
      <datafield tag="010" ind1=" " ind2=" ">
         <subfield code="z">   95011589</subfield>
      </datafield>
      <datafield tag="015" ind1=" " ind2=" ">
         <subfield code="a">GB9844172</subfield>
         <subfield code="2">bnb</subfield>
      </datafield>
      <datafield tag="020" ind1=" " ind2=" ">
         <subfield code="a">1577180925</subfield>
      </datafield>
      <datafield tag="020" ind1=" " ind2=" ">
         <subfield code="a">9781577180920</subfield>
      </datafield>
      <datafield tag="020" ind1=" " ind2=" ">
         <subfield code="a">1557861366</subfield>
      </datafield>
      <datafield tag="020" ind1=" " ind2=" ">
         <subfield code="a">9781557861368</subfield>
      </datafield>
      <datafield tag="035" ind1=" " ind2=" ">
         <subfield code="a">(OCoLC)36927317</subfield>
         <subfield code="z">(OCoLC)60250642</subfield>
         <subfield code="z">(OCoLC)840256924</subfield>
      </datafield>
      <datafield tag="040" ind1=" " ind2=" ">
         <subfield code="a">BHS</subfield>
         <subfield code="b">eng</subfield>
         <subfield code="c">BHS</subfield>
         <subfield code="d">YDXCP</subfield>
         <subfield code="d">NZABT</subfield>
         <subfield code="d">CUY</subfield>
         <subfield code="d">ZWZ</subfield>
         <subfield code="d">UKV3G</subfield>
         <subfield code="d">OCLCQ</subfield>
         <subfield code="d">TULIB</subfield>
         <subfield code="d">SBM</subfield>
         <subfield code="d">OCLCF</subfield>
         <subfield code="d">OCLCQ</subfield>
         <subfield code="d">CIRBC</subfield>
         <subfield code="d">RCT</subfield>
         <subfield code="d">OCL</subfield>
         <subfield code="d">OCLCQ</subfield>
         <subfield code="d">OCLCO</subfield>
         <subfield code="d">OCLCQ</subfield>
         <subfield code="d">CSJ</subfield>
         <subfield code="d">OCLCO</subfield>
         <subfield code="d">ITC</subfield>
         <subfield code="d">OCLCQ</subfield>
         <subfield code="d">CCH</subfield>
         <subfield code="d">OCLCQ</subfield>
      </datafield>
      <datafield tag="043" ind1=" " ind2=" ">
         <subfield code="a">aw-----</subfield>
         <subfield code="a">e------</subfield>
         <subfield code="a">ff-----</subfield>
      </datafield>
      <datafield tag="050" ind1=" " ind2="4">
         <subfield code="a">BR162.2</subfield>
         <subfield code="b">.B76 1997</subfield>
      </datafield>
      <datafield tag="079" ind1=" " ind2=" ">
         <subfield code="a">(OCoLC)36927317</subfield>
      </datafield>
      <datafield tag="082" ind1="0" ind2="4">
         <subfield code="a">274</subfield>
         <subfield code="2">20</subfield>
      </datafield>
      <datafield tag="100" ind1="1" ind2=" ">
         <subfield code="a">Brown, Peter,</subfield>
         <subfield code="d">1935-</subfield>
      </datafield>
      <datafield tag="245" ind1="1" ind2="4">
         <subfield code="a">The rise of Western Christendom :</subfield>
         <subfield code="b">triumph and diversity, AD 200-1000 /</subfield>
         <subfield code="c">Peter Brown.</subfield>
      </datafield>
      <datafield tag="260" ind1=" " ind2=" ">
         <subfield code="a">Malden, Mass. :</subfield>
         <subfield code="b">Blackwell,</subfield>
         <subfield code="c">1997.</subfield>
      </datafield>
      <datafield tag="300" ind1=" " ind2=" ">
         <subfield code="a">xi, 368 pages :</subfield>
         <subfield code="b">maps ;</subfield>
         <subfield code="c">23 cm.</subfield>
      </datafield>
      <datafield tag="336" ind1=" " ind2=" ">
         <subfield code="a">text</subfield>
         <subfield code="b">txt</subfield>
         <subfield code="2">rdacontent</subfield>
      </datafield>
      <datafield tag="337" ind1=" " ind2=" ">
         <subfield code="a">unmediated</subfield>
         <subfield code="b">n</subfield>
         <subfield code="2">rdamedia</subfield>
      </datafield>
      <datafield tag="338" ind1=" " ind2=" ">
         <subfield code="a">volume</subfield>
         <subfield code="b">nc</subfield>
         <subfield code="2">rdacarrier</subfield>
      </datafield>
      <datafield tag="490" ind1="1" ind2=" ">
         <subfield code="a">The Making of Europe</subfield>
      </datafield>
      <datafield tag="504" ind1=" " ind2=" ">
         <subfield code="a">Includes bibliographical references (pages 321-350) and index.</subfield>
      </datafield>
      <datafield tag="505" ind1="0" ind2=" ">
         <subfield code="a">"The laws of countries" -- Christianity and empire -- Tempora Christiana: Christian times -- Virtutes Sanctorum ... Strages Gentium: "Deeds of Saints ... Slaughter of nations" -- On the frontiers: Noricum, Ireland and Francia -- Reverentia, Rusticitas: Caesarius of Arles to Gregory of Tours -- Bishops, city and desert: East Rome -- Regimen Animarum: Gregory the Great -- Medicamenta Paenitentiae: Columbanus -- Christianity in Asia -- "The changing of the kingdoms:" Christians under Islam -- Christianities of the North: Ireland and Saxon Britain -- Micro-Christendoms -- The crisis of the image: The Byzantine iconoclast controversy -- Closing the frontier: Frisia and Germany -- "To rule the Christian people:" Charlemagne -- In Gear Dagum: "In days of yore" -- Northern Christendom and its past.</subfield>
      </datafield>
      <datafield tag="520" ind1=" " ind2=" ">
         <subfield code="a">"This is a history of the people, struggles, defeats and victories, ideas and actions that together comprise the history of the first one thousand years of Christianity. It ranges across much of Asia, North Africa and Europe. It both captures the immediacy of decisive moments and explains how by the end of the period Christianity had become the dominant factor in political power and cultural life throughout the region. By establishing itself within the framework of two empires, the Roman and the Persian Sasanian, Christendom inherited from its beginnings their double universalism. The author traces the history of the distinctly Eastern Christendoms, of Western Christendom focused on Rome but with powerfully independent centres in France, Germany, England and Ireland. He recreates the vibrancy of Christian cultures and their claims to be the universal 'true' Christianity, and shows how the rise of centralized forms of Christianity were associated with the renewed imperial systems of Byzantium and the Carolingian Empire. He examines the impact of other religious traditions on the development of Christianity. He describes reactions to the explosive rise of Islam, and explains how, especially in North and Eastern Europe, the memories of a pagan past became part of the culture of what was now an officially Christian world. By AD 1000, a distinctive relation between past and present, between profane and sacred had emerged in Western Christendom, and a civilization that was by then irrevocably different from the Christendoms of the East." [Back cover].</subfield>
      </datafield>
      <datafield tag="500" ind1=" " ind2=" ">
         <subfield code="a">ISAW copy is from the library of Lawrence E. Stager.</subfield>
         <subfield code="5">NyNyUAW</subfield>
      </datafield>
      <datafield tag="650" ind1=" " ind2="0">
         <subfield code="a">Church history</subfield>
         <subfield code="y">Primitive and early church, ca. 30-600.</subfield>
      </datafield>
      <datafield tag="650" ind1=" " ind2="0">
         <subfield code="a">Church history</subfield>
         <subfield code="y">Middle Ages, 600-1500.</subfield>
      </datafield>
      <datafield tag="651" ind1=" " ind2="0">
         <subfield code="a">Europe</subfield>
         <subfield code="x">Religious life and customs</subfield>
         <subfield code="x">History</subfield>
         <subfield code="y">To 1500.</subfield>
      </datafield>
      <datafield tag="650" ind1=" " ind2="7">
         <subfield code="a">Church history</subfield>
         <subfield code="x">Middle Ages.</subfield>
         <subfield code="2">fast</subfield>
         <subfield code="0">(OCoLC)fst01710943</subfield>
      </datafield>
      <datafield tag="650" ind1=" " ind2="7">
         <subfield code="a">Church history</subfield>
         <subfield code="x">Primitive and early church.</subfield>
         <subfield code="2">fast</subfield>
         <subfield code="0">(OCoLC)fst01710945</subfield>
      </datafield>
      <datafield tag="650" ind1=" " ind2="7">
         <subfield code="a">Christentum</subfield>
         <subfield code="2">gnd</subfield>
         <subfield code="0">(DE-588)4010074-1</subfield>
      </datafield>
      <datafield tag="650" ind1=" " ind2="7">
         <subfield code="a">Kirche</subfield>
         <subfield code="2">gnd</subfield>
         <subfield code="0">(DE-588)4030702-5</subfield>
      </datafield>
      <datafield tag="650" ind1=" " ind2="7">
         <subfield code="a">Christianisme</subfield>
         <subfield code="y">30-600 (Église primitive)</subfield>
         <subfield code="2">ram</subfield>
      </datafield>
      <datafield tag="648" ind1=" " ind2="7">
         <subfield code="a">30 - 1500</subfield>
         <subfield code="2">fast</subfield>
      </datafield>
      <datafield tag="700" ind1="1" ind2=" ">
         <subfield code="a">Stager, Lawrence E.,</subfield>
         <subfield code="e">former owner.</subfield>
         <subfield code="5">NyNyUAW</subfield>
      </datafield>
      <datafield tag="740" ind1="0" ind2=" ">
         <subfield code="a">Stager Collection.</subfield>
         <subfield code="5">NyNyUAW</subfield>
      </datafield>
      <datafield tag="830" ind1=" " ind2="0">
         <subfield code="a">Making of Europe.</subfield>
      </datafield>
      <datafield tag="OWN" ind1=" " ind2=" ">
         <subfield code="a">GENERAL</subfield>
      </datafield>
      <datafield tag="AVA" ind1=" " ind2=" ">
         <subfield code="a">NYU50</subfield>
         <subfield code="b">NISAW</subfield>
         <subfield code="c">Small Collection</subfield>
         <subfield code="d">BR162.2 .B76 1997 Non-circulating</subfield>
         <subfield code="e">available</subfield>
         <subfield code="t">Available</subfield>
         <subfield code="f">1</subfield>
         <subfield code="g">0</subfield>
         <subfield code="h">N</subfield>
         <subfield code="i">0</subfield>
         <subfield code="j">SMALL</subfield>
         <subfield code="k">0</subfield>
      </datafield>
      <marc:datafield tag="852" ind1=" " ind2=" ">
         <marc:subfield code="b">Institute for the Study of the Ancient World, </marc:subfield>
         <marc:subfield code="c">Small Collection</marc:subfield>
         <marc:subfield code="e">15 East 84th St., </marc:subfield>
         <marc:subfield code="e">New York, NY  10028</marc:subfield>
      </marc:datafield>
   </record>