
  
  
  
  
  
  
  
  
  
  
  
  
  
 
  
  <record xsi:schemaLocation="http://www.loc.gov/MARC21/slim http://www.loc.gov/standards/marcxml/schema/MARC21slim.xsd">
      <leader>00000cam a2200385 i 4500</leader>
      <controlfield tag="FMT">BK</controlfield>
      <controlfield tag="LDR">00000cam a2200385 i 4500</controlfield>
      <controlfield tag="001">006055271</controlfield>
      <controlfield tag="003">OCoLC</controlfield>
      <controlfield tag="005">20180405234234.3</controlfield>
      <controlfield tag="008">171214s2018    cauab    b    001 0 eng</controlfield>
      <datafield tag="010" ind1=" " ind2=" ">
         <subfield code="a">2017052053</subfield>
      </datafield>
      <datafield tag="020" ind1=" " ind2=" ">
         <subfield code="a">9781938770135</subfield>
         <subfield code="q">paperback</subfield>
         <subfield code="q">alkaline paper</subfield>
      </datafield>
      <datafield tag="020" ind1=" " ind2=" ">
         <subfield code="a">1938770137</subfield>
         <subfield code="q">paperback</subfield>
         <subfield code="q">alkaline paper</subfield>
      </datafield>
      <datafield tag="035" ind1="7" ind2=" ">
         <subfield code="a">ybp13717574</subfield>
      </datafield>
      <datafield tag="035" ind1=" " ind2=" ">
         <subfield code="a">(OCoLC)1019834768</subfield>
         <subfield code="z">(OCoLC)1007078595</subfield>
      </datafield>
      <datafield tag="040" ind1=" " ind2=" ">
         <subfield code="a">DLC</subfield>
         <subfield code="b">eng</subfield>
         <subfield code="e">rda</subfield>
         <subfield code="c">DLC</subfield>
         <subfield code="d">OCLCO</subfield>
         <subfield code="d">BDX</subfield>
         <subfield code="d">YDX</subfield>
         <subfield code="d">OBE</subfield>
         <subfield code="d">YDX</subfield>
         <subfield code="d">OCLCO</subfield>
      </datafield>
      <datafield tag="042" ind1=" " ind2=" ">
         <subfield code="a">pcc</subfield>
      </datafield>
      <datafield tag="050" ind1="0" ind2="0">
         <subfield code="a">CC175</subfield>
         <subfield code="b">.U56 2018</subfield>
      </datafield>
      <datafield tag="079" ind1=" " ind2=" ">
         <subfield code="a">(OCoLC)1019834768</subfield>
      </datafield>
      <datafield tag="082" ind1="0" ind2="0">
         <subfield code="a">930.1</subfield>
         <subfield code="2">23</subfield>
      </datafield>
      <datafield tag="245" ind1="0" ind2="0">
         <subfield code="a">Unmasking ideology in imperial and colonial archaeology :</subfield>
         <subfield code="b">vocabulary, symbols, and legacy /</subfield>
         <subfield code="c">edited by Bonnie Effros and Guolong Lai.</subfield>
      </datafield>
      <datafield tag="264" ind1=" " ind2="1">
         <subfield code="a">Los Angeles :</subfield>
         <subfield code="b">Cotsen Institute of Archaeology Press, University of California, Los Angeles,</subfield>
         <subfield code="c">[2018]</subfield>
      </datafield>
      <datafield tag="300" ind1=" " ind2=" ">
         <subfield code="a">xxxi, 467 pages :</subfield>
         <subfield code="b">illustrations (some color), maps ;</subfield>
         <subfield code="c">23 cm.</subfield>
      </datafield>
      <datafield tag="336" ind1=" " ind2=" ">
         <subfield code="a">text</subfield>
         <subfield code="b">txt</subfield>
         <subfield code="2">rdacontent</subfield>
      </datafield>
      <datafield tag="337" ind1=" " ind2=" ">
         <subfield code="a">unmediated</subfield>
         <subfield code="b">n</subfield>
         <subfield code="2">rdamedia</subfield>
      </datafield>
      <datafield tag="338" ind1=" " ind2=" ">
         <subfield code="a">volume</subfield>
         <subfield code="b">nc</subfield>
         <subfield code="2">rdacarrier</subfield>
      </datafield>
      <datafield tag="490" ind1="1" ind2=" ">
         <subfield code="a">Ideas, debates, and perspectives ;</subfield>
         <subfield code="v">8</subfield>
      </datafield>
      <datafield tag="504" ind1=" " ind2=" ">
         <subfield code="a">Includes bibliographical references and index.</subfield>
      </datafield>
      <datafield tag="505" ind1="0" ind2=" ">
         <subfield code="a">Introduction: the global reach of imperial and colonial archaeology / Bonnie Effros and Guolong Lai -- Part I. Defining approaches to imperial and colonial archaeology -- Archaeology and imperialism: from nineteenth-century new imperialism to twentieth-century decolonization / Margarita Diaz-Andreu -- German archaeology in occupied Europe during World War II: a case of colonial archaeology? / Hubert Fehr -- Part II. Colonialism and nationalism -- Problematizing the encylopedic museum: the Benin bronzes and ivories in historical context / Neil Brodie -- Digging up China: imperialism, nationalism, and regionalism in the Yinxu excavation, 1928-1937 / Guolong Lai -- They have not changed in 2,500 years: art, archaeology and modernity in Iran / Talinn Grigor -- Part III. Indigenous voices -- Colonialist archaeology in the American Southwest / Chip Colwell -- The history of archaeology through the eyes of Egyptians / Wendy Doyon -- Indigenous voices at the margins: nuancing the history of French colonial archaeology in Algeria, 1830-1870 / Bonnie Effros -- Critiquing the discovery narrative of Lady Mungo / Ann McGrath -- Part IV. Archaeology, art, and exoticism -- In the shadow zone of imperial politics: archaeological research in Buryatia from the late nineteenth century to the 1940s / Ursula Brosseder -- Imperial archaeology or an archaeology of exoticism? Victor Segalen's expeditions in early twentieth-century China / Jian Xu -- Four German art historians in Republican China / Lothar von Falkenhausen -- Part V. Colonial and post-colonial legacies -- French archaeology and history in the colonial Maghreb: inheritance, presence, and absence / Matthew McCarty -- The colonial origins of myth and national identity in Uganda / Peter R. Schmidt -- Japanese colonial archaeology in Korea and its legacy / Yangjin Pak -- The cloth of colonization: Peruvian tapestries in the Andes and in foreign museums / Maya Stanfield-Mazzi.</subfield>
      </datafield>
      <datafield tag="650" ind1=" " ind2="0">
         <subfield code="a">Archaeology</subfield>
         <subfield code="x">Political aspects.</subfield>
      </datafield>
      <datafield tag="650" ind1=" " ind2="0">
         <subfield code="a">Archaeology</subfield>
         <subfield code="x">Social aspects.</subfield>
      </datafield>
      <datafield tag="650" ind1=" " ind2="0">
         <subfield code="a">Antiquities</subfield>
         <subfield code="x">Collection and preservation</subfield>
         <subfield code="x">Political aspects.</subfield>
      </datafield>
      <datafield tag="650" ind1=" " ind2="0">
         <subfield code="a">Antiquities</subfield>
         <subfield code="x">Collection and preservation</subfield>
         <subfield code="x">Social aspects.</subfield>
      </datafield>
      <datafield tag="650" ind1=" " ind2="0">
         <subfield code="a">Imperialism</subfield>
         <subfield code="x">Social aspects.</subfield>
      </datafield>
      <datafield tag="700" ind1="1" ind2=" ">
         <subfield code="a">Effros, Bonnie,</subfield>
         <subfield code="d">1965-</subfield>
         <subfield code="e">editor,</subfield>
         <subfield code="e">author.</subfield>
      </datafield>
      <datafield tag="700" ind1="1" ind2=" ">
         <subfield code="a">Lai, Guolong,</subfield>
         <subfield code="e">editor,</subfield>
         <subfield code="e">author.</subfield>
      </datafield>
      <datafield tag="830" ind1=" " ind2="0">
         <subfield code="a">Ideas, debates, and perspectives ;</subfield>
         <subfield code="v">v. 8.</subfield>
      </datafield>
      <datafield tag="OWN" ind1=" " ind2=" ">
         <subfield code="a">GENERAL</subfield>
      </datafield>
      <datafield tag="AVA" ind1=" " ind2=" ">
         <subfield code="a">NYU50</subfield>
         <subfield code="b">BOBST</subfield>
         <subfield code="c">Main Collection</subfield>
         <subfield code="d">CC175 .U56 2018</subfield>
         <subfield code="e">available</subfield>
         <subfield code="t">Available</subfield>
         <subfield code="f">1</subfield>
         <subfield code="g">0</subfield>
         <subfield code="h">N</subfield>
         <subfield code="i">1</subfield>
         <subfield code="j">MAIN</subfield>
         <subfield code="k">0</subfield>
      </datafield>
      <datafield tag="AVA" ind1=" " ind2=" ">
         <subfield code="a">NYU50</subfield>
         <subfield code="b">NISAW</subfield>
         <subfield code="c">Reserves</subfield>
         <subfield code="d">CC175 .U56 2018 Non-circulating</subfield>
         <subfield code="e">available</subfield>
         <subfield code="t">Available</subfield>
         <subfield code="f">1</subfield>
         <subfield code="g">0</subfield>
         <subfield code="h">N</subfield>
         <subfield code="i">0</subfield>
         <subfield code="j">AWRES</subfield>
         <subfield code="k">0</subfield>
      </datafield>
      <marc:datafield tag="852" ind1=" " ind2=" ">
         <marc:subfield code="b">Institute for the Study of the Ancient World, </marc:subfield>
         <marc:subfield code="c">Reserves</marc:subfield>
         <marc:subfield code="e">15 East 84th St., </marc:subfield>
         <marc:subfield code="e">New York, NY  10028</marc:subfield>
      </marc:datafield>
   </record>