
  
  
  
  
  
  
  
  
  
  
  
  
 
  
  <record xsi:schemaLocation="http://www.loc.gov/MARC21/slim http://www.loc.gov/standards/marcxml/schema/MARC21slim.xsd">
      <leader>00000cam a2200865 a 4500</leader>
      <controlfield tag="FMT">BK</controlfield>
      <controlfield tag="LDR">00000cam a2200865 a 4500</controlfield>
      <controlfield tag="001">000075713</controlfield>
      <controlfield tag="003">OCoLC</controlfield>
      <controlfield tag="005">20181004123546.0</controlfield>
      <controlfield tag="008">050307s2004    enkab    b    001 0 eng</controlfield>
      <datafield tag="010" ind1=" " ind2=" ">
         <subfield code="a">2005295986</subfield>
      </datafield>
      <datafield tag="015" ind1=" " ind2=" ">
         <subfield code="a">GBA463067</subfield>
         <subfield code="2">bnb</subfield>
      </datafield>
      <datafield tag="016" ind1="7" ind2=" ">
         <subfield code="a">012980970</subfield>
         <subfield code="2">Uk</subfield>
      </datafield>
      <datafield tag="020" ind1=" " ind2=" ">
         <subfield code="a">0199263116</subfield>
      </datafield>
      <datafield tag="020" ind1=" " ind2=" ">
         <subfield code="a">9780199263110</subfield>
      </datafield>
      <datafield tag="020" ind1=" " ind2=" ">
         <subfield code="a">0199296332</subfield>
         <subfield code="q">(pbk.)</subfield>
      </datafield>
      <datafield tag="020" ind1=" " ind2=" ">
         <subfield code="a">9780199296330</subfield>
         <subfield code="q">(pbk.)</subfield>
      </datafield>
      <datafield tag="024" ind1="3" ind2=" ">
         <subfield code="a">9780199263110</subfield>
      </datafield>
      <datafield tag="024" ind1="3" ind2=" ">
         <subfield code="a">9780199296330</subfield>
      </datafield>
      <datafield tag="035" ind1=" " ind2=" ">
         <subfield code="a">(OCoLC)56649814</subfield>
         <subfield code="z">(OCoLC)793010389</subfield>
      </datafield>
      <datafield tag="040" ind1=" " ind2=" ">
         <subfield code="a">UKM</subfield>
         <subfield code="b">eng</subfield>
         <subfield code="c">DLC</subfield>
         <subfield code="d">UKM</subfield>
         <subfield code="d">BAKER</subfield>
         <subfield code="d">NLGGC</subfield>
         <subfield code="d">NBU</subfield>
         <subfield code="d">BTCTA</subfield>
         <subfield code="d">YDXCP</subfield>
         <subfield code="d">LVB</subfield>
         <subfield code="d">DEBBG</subfield>
         <subfield code="d">OCL</subfield>
         <subfield code="d">OCLCQ</subfield>
         <subfield code="d">TUU</subfield>
         <subfield code="d">CNCGM</subfield>
         <subfield code="d">BDX</subfield>
         <subfield code="d">OCLCF</subfield>
         <subfield code="d">P4I</subfield>
         <subfield code="d">CHVBK</subfield>
         <subfield code="d">OCLCO</subfield>
         <subfield code="d">OCLCQ</subfield>
         <subfield code="d">OCLCO</subfield>
         <subfield code="d">GILDS</subfield>
         <subfield code="d">TKN</subfield>
         <subfield code="d">PAU</subfield>
         <subfield code="d">ZYU</subfield>
      </datafield>
      <datafield tag="041" ind1="1" ind2=" ">
         <subfield code="a">eng</subfield>
         <subfield code="h">sux</subfield>
      </datafield>
      <datafield tag="042" ind1=" " ind2=" ">
         <subfield code="a">lccopycat</subfield>
      </datafield>
      <datafield tag="050" ind1="0" ind2="0">
         <subfield code="a">PJ4083</subfield>
         <subfield code="b">.L57 2004</subfield>
      </datafield>
      <datafield tag="079" ind1=" " ind2=" ">
         <subfield code="a">(OCoLC)56649814</subfield>
      </datafield>
      <datafield tag="082" ind1="0" ind2="0">
         <subfield code="a">899/.9508</subfield>
         <subfield code="2">22</subfield>
      </datafield>
      <datafield tag="084" ind1=" " ind2=" ">
         <subfield code="a">18.90</subfield>
         <subfield code="2">bcl</subfield>
      </datafield>
      <datafield tag="084" ind1=" " ind2=" ">
         <subfield code="a">EM 2300</subfield>
         <subfield code="2">rvk</subfield>
      </datafield>
      <datafield tag="245" ind1="0" ind2="4">
         <subfield code="a">The literature of ancient Sumer /</subfield>
         <subfield code="c">translated and introduced by Jeremy Black [and others].</subfield>
      </datafield>
      <datafield tag="260" ind1=" " ind2=" ">
         <subfield code="a">Oxford ;</subfield>
         <subfield code="a">New York :</subfield>
         <subfield code="b">Oxford University Press,</subfield>
         <subfield code="c">2004.</subfield>
      </datafield>
      <datafield tag="300" ind1=" " ind2=" ">
         <subfield code="a">lxiii, 372 pages :</subfield>
         <subfield code="b">illustrations, maps ;</subfield>
         <subfield code="c">23 cm</subfield>
      </datafield>
      <datafield tag="336" ind1=" " ind2=" ">
         <subfield code="a">text</subfield>
         <subfield code="b">txt</subfield>
         <subfield code="2">rdacontent</subfield>
      </datafield>
      <datafield tag="337" ind1=" " ind2=" ">
         <subfield code="a">unmediated</subfield>
         <subfield code="b">n</subfield>
         <subfield code="2">rdamedia</subfield>
      </datafield>
      <datafield tag="338" ind1=" " ind2=" ">
         <subfield code="a">volume</subfield>
         <subfield code="b">nc</subfield>
         <subfield code="2">rdacarrier</subfield>
      </datafield>
      <datafield tag="500" ind1=" " ind2=" ">
         <subfield code="a">ISAW copy is from the library of Lawrence E. Stager.</subfield>
         <subfield code="5">NyNyUAW</subfield>
      </datafield>
      <datafield tag="546" ind1=" " ind2=" ">
         <subfield code="a">In English; translated from Sumerian.</subfield>
      </datafield>
      <datafield tag="504" ind1=" " ind2=" ">
         <subfield code="a">Includes bibliographical references and index.</subfield>
      </datafield>
      <datafield tag="505" ind1="0" ind2=" ">
         <subfield code="a">Introduction. The literature of ancient Sumer -- The tablets of ancient Sumer -- The scribes of ancient Sumer -- The study of ancient Sumer -- Further reading -- Heroes and kings. Enmerkar and En-suḫgir-ana -- Lugalbanda in the mountain cave -- Lugalbanda and the Anzud bird -- Gilgameš, Enkidu, and the Underworld -- Sargon and Ur-Zababa -- The building of Ning̃irsu's temple (extract) -- An adab to An for Lipit-Eštar -- A prayer for Samsu-iluna -- The death of Ur-Namma -- Inana and Dumuzid. Inana's descent to the Underworld -- Dumuzid's dream -- Ploughing with the jewels -- Dumuzid and Enkimdu -- A love song for Šu-Suen -- Inana and Išme-Dagan -- A hymn to Inana -- Enlil and Ninlil. Enlil and Ninlil -- Enlil and Sud -- Enlil and Nam-zid-tara -- Šulgi and Ninlil's barge -- The cursing of Agade -- The moon-god Nanna-Suen. The lament for Sumer and Urim -- A balbale to Nanna -- A šir-namgala to Nanna -- The herds of Nanna -- Nanna-Suen's journey to Nibru --</subfield>
      </datafield>
      <datafield tag="505" ind1="0" ind2=" ">
         <subfield code="9"/>
         <subfield code="a">The warrior gods Nergal, Numušda, and Ninurta. The dedication of an axe to Nergal -- An adab to Nergal for Šu-ilišu -- A hymn to Numušda for Sîn-iqīšam -- Ninurta's exploits -- Ninurta's return to Nibru -- A balbale to Ninurta -- Love and sex. Lu-dig̃ira's message to his mother -- A lullaby for a son of Šulgi -- A tigi to Nintud-Aruru -- Inana and Šu-kale-tuda -- A love song for Išme-Dagan -- A balbale to Inana and Dumuzid -- The natural order. The Flood story -- Enki and the world order -- The debate between Sheep and Grain -- The debate between Bird and Fish -- The heron and the turtle -- The home of the fish -- The hymnic genres. An adab to Bau for Išme-Dagan -- A balbal to Ning̃išzida -- A kung̃ar to Inana and Dumuzid -- A šir-gida to Ninisina -- A šir-namgala to Ninisina for Lipit-Eštar -- A šir-namšub to Utu -- A šir-namursag̃a to Inana for Iddin-Dagan -- A šir-šag-ḫula to Damgalnuna -- A tigi to Enki for Ur-Ninurta --</subfield>
      </datafield>
      <datafield tag="505" ind1="0" ind2=" ">
         <subfield code="9"/>
         <subfield code="a">An ululumama to Suen for Ibbi-Suen -- Scribes and learning. A supervisor's advice to a young scribe -- Letter from Nabi-Enlil to Ilum-puzura -- Proverbs: collection 25 -- The instructions of Šuruppag -- A hymn to Nisaba -- A hymn to Ḫaia for Rīm-Sîn -- A hymn to Ninkasi -- The Decad, a scribal curriculum. Literary catalogue from Nibru -- A praise poem of Šulgi -- A praise poem of Lipit-Eštar -- The song of the hoe -- The exaltation of Inana -- Enlil in the E-kur -- The Keš temple hymn -- Enki's journey to Nibru -- Inana and Ebiḫ -- A hymn to Nungal -- Gilgameš and Ḫuwawa.</subfield>
      </datafield>
      <datafield tag="520" ind1="1" ind2=" ">
         <subfield code="a">"These translations of Sumerian literature constitute the most comprehensive collection ever published of the world's earliest literature. The compositions in this book were mainly inscribed on clay tablets dating to the 18th century B.C.E., the period from which the most extensive literary records have been recovered. They encompass a wide range of different genres which will be familiar to modern readers, such as narrative myths, lyrical hymns, proverbs, and love poetry, as well as much that will be less familiar. The compositions provide a stimulating insight into the culture of the world's first urban civilization, as well as extending our understanding of literary strategies and of such universal themes as love, sex, political ambition, and our desire to explain the world to ourselves. The translations thus provide an opportunity to appreciate an ancient literature in terms both of its own identity and of its similarities to much that has followed."--Jacket.</subfield>
      </datafield>
      <datafield tag="650" ind1=" " ind2="0">
         <subfield code="a">Sumerian literature</subfield>
         <subfield code="v">Translations into English.</subfield>
      </datafield>
      <datafield tag="651" ind1=" " ind2="7">
         <subfield code="a">Sumer.</subfield>
         <subfield code="2">pleiades</subfield>
         <subfield code="0">https://pleiades.stoa.org/places/202833934</subfield>
      </datafield>
      <datafield tag="650" ind1=" " ind2="7">
         <subfield code="a">Sumerian literature.</subfield>
         <subfield code="2">fast</subfield>
         <subfield code="0">(OCoLC)fst01138468</subfield>
      </datafield>
      <datafield tag="655" ind1=" " ind2="7">
         <subfield code="a">Translations.</subfield>
         <subfield code="2">fast</subfield>
         <subfield code="0">(OCoLC)fst01423791</subfield>
      </datafield>
      <datafield tag="655" ind1=" " ind2="4">
         <subfield code="a">Translations into English.</subfield>
      </datafield>
      <datafield tag="700" ind1="1" ind2=" ">
         <subfield code="a">Stager, Lawrence E.,</subfield>
         <subfield code="e">former owner.</subfield>
         <subfield code="5">NyNyUAW</subfield>
      </datafield>
      <datafield tag="740" ind1="0" ind2=" ">
         <subfield code="a">Stager Collection.</subfield>
         <subfield code="5">NyNyUAW</subfield>
      </datafield>
      <datafield tag="700" ind1="1" ind2=" ">
         <subfield code="a">Black, Jeremy A.</subfield>
      </datafield>
      <datafield tag="856" ind1="4" ind2="1">
         <subfield code="3">Table of contents</subfield>
         <subfield code="u">http://catdir.loc.gov/catdir/toc/fy053/2005295986.html</subfield>
      </datafield>
      <datafield tag="856" ind1="4" ind2="1">
         <subfield code="3">Table of contents</subfield>
         <subfield code="u">http://bvbr.bib-bvb.de:8991/F?func=service&amp;doc_library=BVB01&amp;doc_number=013044550&amp;line_number=0001&amp;func_code=DB_RECORDS&amp;service_type=MEDIA</subfield>
      </datafield>
      <datafield tag="856" ind1="4" ind2="1">
         <subfield code="3">Table of contents</subfield>
         <subfield code="u">http://bvbr.bib-bvb.de:8991/F?func=service&amp;doc_library=BVB01&amp;local_base=BVB01&amp;doc_number=013044550&amp;line_number=0001&amp;func_code=DB_RECORDS&amp;service_type=MEDIA</subfield>
      </datafield>
      <datafield tag="856" ind1="4" ind2="2">
         <subfield code="3">Contributor biographical information</subfield>
         <subfield code="u">http://catdir.loc.gov/catdir/enhancements/fy0724/2005295986-b.html</subfield>
      </datafield>
      <datafield tag="856" ind1="4" ind2="2">
         <subfield code="3">Publisher description</subfield>
         <subfield code="u">http://catdir.loc.gov/catdir/enhancements/fy0627/2005295986-d.html</subfield>
      </datafield>
      <datafield tag="856" ind1="4" ind2="2">
         <subfield code="3">The Classes of 1883 and 1884 Fund Home Page</subfield>
         <subfield code="u">http://hdl.library.upenn.edu/1017.12/366298</subfield>
      </datafield>
      <datafield tag="OWN" ind1=" " ind2=" ">
         <subfield code="a">GENERAL</subfield>
      </datafield>
      <datafield tag="AVA" ind1=" " ind2=" ">
         <subfield code="a">NYU50</subfield>
         <subfield code="b">BOBST</subfield>
         <subfield code="c">Main Collection</subfield>
         <subfield code="d">PJ4083 .L57 2004</subfield>
         <subfield code="e">unavailable</subfield>
         <subfield code="t">Unavailable</subfield>
         <subfield code="f">1</subfield>
         <subfield code="g">1</subfield>
         <subfield code="h">N</subfield>
         <subfield code="i">9</subfield>
         <subfield code="j">MAIN</subfield>
         <subfield code="k">0</subfield>
      </datafield>
      <datafield tag="AVA" ind1=" " ind2=" ">
         <subfield code="a">NYU50</subfield>
         <subfield code="b">NISAW</subfield>
         <subfield code="c">Small Collection</subfield>
         <subfield code="d">PJ4083 .L57 2004 Non-circulating</subfield>
         <subfield code="e">available</subfield>
         <subfield code="t">Available</subfield>
         <subfield code="f">1</subfield>
         <subfield code="g">0</subfield>
         <subfield code="h">N</subfield>
         <subfield code="i">0</subfield>
         <subfield code="j">SMALL</subfield>
         <subfield code="k">0</subfield>
      </datafield>
      <marc:datafield tag="852" ind1=" " ind2=" ">
         <marc:subfield code="b">Institute for the Study of the Ancient World, </marc:subfield>
         <marc:subfield code="c">Small Collection</marc:subfield>
         <marc:subfield code="e">15 East 84th St., </marc:subfield>
         <marc:subfield code="e">New York, NY  10028</marc:subfield>
      </marc:datafield>
   </record>