
  
  
  
  
  
  
  
  
  
  
  
  
  
 
  
  <record xsi:schemaLocation="http://www.loc.gov/MARC21/slim http://www.loc.gov/standards/marcxml/schema/MARC21slim.xsd">
      <leader>00000cam a2200601 a 4500</leader>
      <controlfield tag="FMT">BK</controlfield>
      <controlfield tag="LDR">00000cam a2200601 a 4500</controlfield>
      <controlfield tag="001">001860920</controlfield>
      <controlfield tag="003">OCoLC</controlfield>
      <controlfield tag="005">20181004121444.0</controlfield>
      <controlfield tag="008">880121s1989    nyua     b    001 0 eng</controlfield>
      <datafield tag="010" ind1=" " ind2=" ">
         <subfield code="a">88001535</subfield>
      </datafield>
      <datafield tag="015" ind1=" " ind2=" ">
         <subfield code="a">GB9144476</subfield>
         <subfield code="2">bnb</subfield>
      </datafield>
      <datafield tag="020" ind1=" " ind2=" ">
         <subfield code="a">0889460892</subfield>
      </datafield>
      <datafield tag="020" ind1=" " ind2=" ">
         <subfield code="a">9780889460898</subfield>
      </datafield>
      <datafield tag="035" ind1=" " ind2=" ">
         <subfield code="a">(OCoLC)17440634</subfield>
         <subfield code="z">(OCoLC)59835213</subfield>
      </datafield>
      <datafield tag="040" ind1=" " ind2=" ">
         <subfield code="a">DLC</subfield>
         <subfield code="b">eng</subfield>
         <subfield code="c">DLC</subfield>
         <subfield code="d">UKM</subfield>
         <subfield code="d">MUQ</subfield>
         <subfield code="d">BTCTA</subfield>
         <subfield code="d">YDXCP</subfield>
         <subfield code="d">OCLCG</subfield>
         <subfield code="d">BAKER</subfield>
         <subfield code="d">GEBAY</subfield>
         <subfield code="d">BDX</subfield>
         <subfield code="d">OCLCO</subfield>
         <subfield code="d">OCLCF</subfield>
         <subfield code="d">OCLCQ</subfield>
         <subfield code="d">MXL</subfield>
         <subfield code="d">DEBBG</subfield>
         <subfield code="d">OCLCQ</subfield>
         <subfield code="d">OCLCO</subfield>
         <subfield code="d">ZYU</subfield>
      </datafield>
      <datafield tag="041" ind1=" " ind2=" ">
         <subfield code="a">eng</subfield>
         <subfield code="a">sem</subfield>
         <subfield code="h">sem</subfield>
      </datafield>
      <datafield tag="043" ind1=" " ind2=" ">
         <subfield code="a">a-jo---</subfield>
      </datafield>
      <datafield tag="050" ind1="0" ind2="0">
         <subfield code="a">PJ4143.Z77</subfield>
         <subfield code="b">A9 1989</subfield>
      </datafield>
      <datafield tag="079" ind1=" " ind2=" ">
         <subfield code="a">(OCoLC)17440634</subfield>
      </datafield>
      <datafield tag="082" ind1="0" ind2="0">
         <subfield code="a">492.4/7</subfield>
         <subfield code="2">19</subfield>
      </datafield>
      <datafield tag="084" ind1=" " ind2=" ">
         <subfield code="a">BC 8433</subfield>
         <subfield code="2">rvk</subfield>
      </datafield>
      <datafield tag="084" ind1=" " ind2=" ">
         <subfield code="a">EM 5060</subfield>
         <subfield code="2">rvk</subfield>
      </datafield>
      <datafield tag="100" ind1="1" ind2=" ">
         <subfield code="a">Aufrecht, Walter Emanuel,</subfield>
         <subfield code="d">1942-</subfield>
      </datafield>
      <datafield tag="245" ind1="1" ind2="2">
         <subfield code="a">A corpus of Ammonite inscriptions /</subfield>
         <subfield code="c">Walter E. Aufrecht.</subfield>
      </datafield>
      <datafield tag="260" ind1=" " ind2=" ">
         <subfield code="a">Lewiston, NY, USA :</subfield>
         <subfield code="b">E. Mellen Press,</subfield>
         <subfield code="c">©1989.</subfield>
      </datafield>
      <datafield tag="300" ind1=" " ind2=" ">
         <subfield code="a">xxxix, 516 pages :</subfield>
         <subfield code="b">illustrations ;</subfield>
         <subfield code="c">24 cm.</subfield>
      </datafield>
      <datafield tag="336" ind1=" " ind2=" ">
         <subfield code="a">text</subfield>
         <subfield code="b">txt</subfield>
         <subfield code="2">rdacontent</subfield>
      </datafield>
      <datafield tag="337" ind1=" " ind2=" ">
         <subfield code="a">unmediated</subfield>
         <subfield code="b">n</subfield>
         <subfield code="2">rdamedia</subfield>
      </datafield>
      <datafield tag="338" ind1=" " ind2=" ">
         <subfield code="a">volume</subfield>
         <subfield code="b">nc</subfield>
         <subfield code="2">rdacarrier</subfield>
      </datafield>
      <datafield tag="490" ind1="1" ind2=" ">
         <subfield code="a">Ancient Near Eastern texts and studies ;</subfield>
         <subfield code="v">v. 4</subfield>
      </datafield>
      <datafield tag="500" ind1=" " ind2=" ">
         <subfield code="a">ISAW copy is from the library of Lawrence E. Stager.</subfield>
         <subfield code="5">NyNyUAW</subfield>
      </datafield>
      <datafield tag="504" ind1=" " ind2=" ">
         <subfield code="a">Includes bibliographical references (pages 377-439) and index.</subfield>
      </datafield>
      <datafield tag="505" ind1="0" ind2=" ">
         <subfield code="a">I. Introduction -- 1. Language -- 2. Onomastics -- 3. Paleography -- 4. Iconography -- 5. Deir 'Alla plaster texts -- II. Text concordances -- III. Format -- IV. Abbreviations and sigla -- V. Corpus -- 1. Seal of Tamak'il -- 2. Seal of 'Uzzi -- 3. Seal of Tamak'[il] -- 4. Seal of Hananyah -- 5. Seal of Sinnor -- 6. Seal of 'Asan'il -- 7. Seal of 'Ilbar -- 8. Seal of Ya&lt;'a&gt;zan'il -- 9. Seal of 'Ilsagab -- 10. Seal of 'Ilohi'am -- 11. Seal of Yis'il -- 12. Seal of Sama -- 13. Seal of Bayad'il -- 14. Seal of Tamak'il -- 15. Seal of 'Ilram -- 16. Seal of 'Ahinadab -- 17. Seal of 'Adonipalt -- 18. Seal of 'Il'amas -- 19. Seal of 'Ilhanan -- 20. Seal of Yisi'a' -- 21. Seal of Mura' -- 22. Alphabet seal -- 23. Seal of 'Abyahhay -- 24. Alphabet seal -- 25. Seal of Nadab'il -- 26. Seal of Bayad'il -- 27. Seal of Nasar'il -- 28. Seal of 'Ilram -- 29. Seal of Manahham -- 30. Seal of Su'al -- 31. Seal of Yis' -- 32. Seal of 'Ilnatan -- 33. Seal of Pado'il -- 34. Seal of Para' --</subfield>
      </datafield>
      <datafield tag="505" ind1="0" ind2=" ">
         <subfield code="9"/>
         <subfield code="a">35. Seal of Sim'ab -- 36. Seal of 'Alyah -- 37. Seal of Baqqas -- 38. Seal of 'Ilyasu' -- 39. Seal of 'Ilyabar -- 40. Seal of 'Adoninur -- 41. Seal of Sub'il -- 42. Seal of Manahham -- 43. Amman statue inscription -- 44. Seal of 'Anamawt -- 45. Seal of Sub'il -- 46. Seal of 'Il'uz -- 47. Nimrud ostracon -- 48. Seal of Manahham -- 49. Seal of 'Awa' -- 50. Seal of 'Abda' -- Seal of Nadab'il -- 52. Seal of 'Uzza'il -- 53. Seal of 'Abda' -- 54. Seal of bts -- 55. Seal of Mannu-ki-Inurta -- 56. Seal of 'Abinadab -- 57. Seal of ng'dt -- 58. Amman theatre inscription -- 59. Amman citadel inscription -- 60. Seal of 'Abigad -- 61. Seal of ng'n45 -- 62. Seal of 'Iltamak -- 63. Seal of Sama' -- 64. Seal of 'Ilnadab -- 65. Heshbon ostracon I -- 66. Stamp of Salomi -- 67. Seal of 'Amar'il -- 68. Seal of Sawhir -- 69. Seal of 'Ila -- 70. Seal of Nadab'il -- 71. Seal of Manahham -- 72. Seal of 'Amas'il -- 73. Double faced heads -- 74. Seal of hts -- 75. Seal of Sama'&lt;'i&gt;I --</subfield>
      </datafield>
      <datafield tag="505" ind1="0" ind2=" ">
         <subfield code="9"/>
         <subfield code="a">76. Heshbon ostracon II -- 77. Amman ostracon -- 78. Tell Siran bottle -- 79. Seal of 'Ilyasu -- 80 Heshbon ostracon IV -- 81. Heshbon ostracon V -- 82. Alphabet seal -- 83. Seal of Manahham -- 84. Seal of Tamak'il -- 85. Seal of Nadab'il -- 86. Seal of Tamak'il -- 87. Seal of Palt -- 88. Seal of 'Ilsama' -- 89. Seal of Manahham -- 90. Seal of 'Ilnatan -- 91. Seal of 'Ilmasal -- 92. Seal of Minur -- 93. Alphabet seal -- 94. Heshbon ostracon Xi -- 95. Seal of 'Ilsama -- 96. Seal of 'Il'uz -- 97. Seal of 'Azra -- 98. Seal of 'Ah'ab -- 99. Seal of Hanna' -- 100. Seal of Bayad'il -- 101. Seal of Mikamo'il -- 102. Seal of Manahham -- 103. Seal of Bad'il -- 104. Seal of 'Ilon -- 105. Seal of 'Ilsama' -- 106. Seal of [Ha]nan'il -- 107. Seal of Kapir -- 108. Seal of 'Ilnadab -- 109. Seal of Palti -- 110. Seal of Muta. -- 111. Seal of 'Ilsama' -- 112. Seal of 'Akbori -- 113. Seal of Tamak'il -- 114. Alphabet seal -- 115. Alphabet seal -- 116. Seal of hml -- 117. Seal of hmyws --</subfield>
      </datafield>
      <datafield tag="505" ind1="0" ind2=" ">
         <subfield code="9"/>
         <subfield code="a">118. Seal of 'Ilon -- 119. Seal of 'Ilsama -- 120. Seal of 'Uzza -- 121. Seal of 'Ala' -- 122. Seal of 'Ilhanan -- 123. Seal of Yanahham -- 124. Seal of Manah -- 125. Seal of 'Ilsama -- 126. Seal of 'Abyahhay -- 127. Seal of Milkomgad -- 128. Seal of Sar -- 129. Stamp of Milkom'awr -- 130. Seal of Hala' -- 131. Seal of 'Abd'adad -- 132. Seal of 'Aya' -- 133. Seal of Manahham -- 134. Seal of 'Il'ur -- 135. Seal of 'Ilram -- 136. Seal of Zaka' -- 137. Heshbon ostracon XII -- 138. Seal of Ya'il -- 139. Seal of hty -- 140. Seal of Baqqas -- 141. Seal of [the so]n of 'Ihanan -- 142. Seal of 'Ilnadab -- 143. Seal of Su'ali -- 144. Tell el-Mazar ostracon III -- 144. Tell el-Mazar ostracon IV -- 144. Tell el-Mazar ostracon V -- 144. Tell el-Mazar ostracon VII -- Appendices: -- I. Classification -- II. Iconography -- III. Matres Lectionis -- VI. Hieratic numerals.</subfield>
      </datafield>
      <datafield tag="546" ind1=" " ind2=" ">
         <subfield code="a">English, contains texts in romanized Ammonite with English translations.</subfield>
      </datafield>
      <datafield tag="650" ind1=" " ind2="0">
         <subfield code="a">Inscriptions, Ammonite.</subfield>
      </datafield>
      <datafield tag="650" ind1=" " ind2="0">
         <subfield code="a">Ammonite language</subfield>
         <subfield code="v">Texts.</subfield>
      </datafield>
      <datafield tag="650" ind1=" " ind2="0">
         <subfield code="a">Seals (Numismatics)</subfield>
         <subfield code="z">Jordan.</subfield>
      </datafield>
      <datafield tag="651" ind1=" " ind2="7">
         <subfield code="a">Amman/Philadelpheia.</subfield>
         <subfield code="2">pleiades</subfield>
         <subfield code="0">https://pleiades.stoa.org/places/697728</subfield>
         <subfield code="5">NyNyUAW</subfield>
      </datafield>
      <datafield tag="653" ind1=" " ind2=" ">
         <subfield code="a">Inscriptions</subfield>
      </datafield>
      <datafield tag="700" ind1="1" ind2=" ">
         <subfield code="a">Stager, Lawrence E.,</subfield>
         <subfield code="e">former owner.</subfield>
         <subfield code="5">NyNyUAW</subfield>
      </datafield>
      <datafield tag="740" ind1="0" ind2=" ">
         <subfield code="a">Stager Collection.</subfield>
         <subfield code="5">NyNyUAW</subfield>
      </datafield>
      <datafield tag="830" ind1=" " ind2="0">
         <subfield code="a">Ancient Near Eastern texts and studies ;</subfield>
         <subfield code="v">v. 4.</subfield>
      </datafield>
      <datafield tag="OWN" ind1=" " ind2=" ">
         <subfield code="a">GENERAL</subfield>
      </datafield>
      <datafield tag="990" ind1=" " ind2=" ">
         <subfield code="a">PJ4143.Z77</subfield>
         <subfield code="b">A9 1989</subfield>
         <subfield code="i">06/28/90 CT</subfield>
      </datafield>
      <datafield tag="950" ind1=" " ind2=" ">
         <subfield code="l">BMAIN</subfield>
         <subfield code="i">06/28/90 C</subfield>
      </datafield>
      <datafield tag="955" ind1=" " ind2=" ">
         <subfield code="l">BMAIN</subfield>
         <subfield code="c">1</subfield>
         <subfield code="q">90-B18461-1</subfield>
         <subfield code="r">014943024</subfield>
         <subfield code="i">06/28/90 C</subfield>
      </datafield>
      <datafield tag="998" ind1=" " ind2=" ">
         <subfield code="a">06/28/90</subfield>
         <subfield code="t">b</subfield>
         <subfield code="s">9110</subfield>
         <subfield code="n">NNU</subfield>
         <subfield code="w">DCLC881535B</subfield>
         <subfield code="d">05/03/90</subfield>
         <subfield code="b">DAS</subfield>
         <subfield code="i">900628</subfield>
         <subfield code="l">NYUG</subfield>
      </datafield>
      <datafield tag="AVA" ind1=" " ind2=" ">
         <subfield code="a">NYU50</subfield>
         <subfield code="b">BOBST</subfield>
         <subfield code="c">Main Collection</subfield>
         <subfield code="d">PJ4143.Z77 A9 1989</subfield>
         <subfield code="e">unavailable</subfield>
         <subfield code="t">Unavailable</subfield>
         <subfield code="f">1</subfield>
         <subfield code="g">1</subfield>
         <subfield code="h">N</subfield>
         <subfield code="i">1</subfield>
         <subfield code="j">MAIN</subfield>
         <subfield code="k">0</subfield>
      </datafield>
      <datafield tag="AVA" ind1=" " ind2=" ">
         <subfield code="a">NYU50</subfield>
         <subfield code="b">NISAW</subfield>
         <subfield code="c">Small Collection</subfield>
         <subfield code="d">PJ4143.Z77 A9 1989 Non-circulating</subfield>
         <subfield code="e">available</subfield>
         <subfield code="t">Available</subfield>
         <subfield code="f">1</subfield>
         <subfield code="g">0</subfield>
         <subfield code="h">N</subfield>
         <subfield code="i">0</subfield>
         <subfield code="j">SMALL</subfield>
         <subfield code="k">0</subfield>
      </datafield>
      <marc:datafield tag="852" ind1=" " ind2=" ">
         <marc:subfield code="b">Institute for the Study of the Ancient World, </marc:subfield>
         <marc:subfield code="c">Small Collection</marc:subfield>
         <marc:subfield code="e">15 East 84th St., </marc:subfield>
         <marc:subfield code="e">New York, NY  10028</marc:subfield>
      </marc:datafield>
   </record>