
  
  
  
  
  
  
  
  
  
  
  
  
  
  
 
  
  <record xsi:schemaLocation="http://www.loc.gov/MARC21/slim http://www.loc.gov/standards/marcxml/schema/MARC21slim.xsd">
      <leader>00000cam a22     Ii 4500</leader>
      <controlfield tag="FMT">BK</controlfield>
      <controlfield tag="LDR">00000cam a22     Ii 4500</controlfield>
      <controlfield tag="001">006344050</controlfield>
      <controlfield tag="005">20181008150946.0</controlfield>
      <controlfield tag="008">181008t20182018gw ab    b    101 0 ger d</controlfield>
      <datafield tag="016" ind1="7" ind2=" ">
         <subfield code="a">1154400913</subfield>
         <subfield code="2">GyFmDB</subfield>
      </datafield>
      <datafield tag="020" ind1=" " ind2=" ">
         <subfield code="a">9783799564434</subfield>
         <subfield code="q">(pbk.)</subfield>
      </datafield>
      <datafield tag="020" ind1=" " ind2=" ">
         <subfield code="a">3799564438</subfield>
         <subfield code="q">(pbk.)</subfield>
      </datafield>
      <datafield tag="024" ind1="3" ind2=" ">
         <subfield code="a">9783799564434</subfield>
      </datafield>
      <datafield tag="035" ind1=" " ind2=" ">
         <subfield code="a">(OCoLC)1045542007</subfield>
         <subfield code="z">(OCoLC)1029473665</subfield>
         <subfield code="z">(OCoLC)1029567884</subfield>
         <subfield code="z">(OCoLC)1029632789</subfield>
         <subfield code="z">(OCoLC)1050769437</subfield>
      </datafield>
      <datafield tag="040" ind1=" " ind2=" ">
         <subfield code="a">OHX</subfield>
         <subfield code="b">eng</subfield>
         <subfield code="e">rda</subfield>
         <subfield code="c">OHX</subfield>
         <subfield code="d">OCLCO</subfield>
         <subfield code="d">STF</subfield>
         <subfield code="d">ERASA</subfield>
         <subfield code="d">YDX</subfield>
         <subfield code="d">CGU</subfield>
         <subfield code="d">EEM</subfield>
         <subfield code="d">OCLCF</subfield>
         <subfield code="d">ZYU</subfield>
      </datafield>
      <datafield tag="041" ind1="0" ind2=" ">
         <subfield code="a">ger</subfield>
         <subfield code="b">eng</subfield>
      </datafield>
      <datafield tag="050" ind1=" " ind2="4">
         <subfield code="a">HT111</subfield>
         <subfield code="b">.S83 2015</subfield>
      </datafield>
      <datafield tag="072" ind1=" " ind2="7">
         <subfield code="a">HT</subfield>
         <subfield code="2">lcco</subfield>
      </datafield>
      <datafield tag="072" ind1=" " ind2="7">
         <subfield code="a">CB</subfield>
         <subfield code="2">lcco</subfield>
      </datafield>
      <datafield tag="079" ind1=" " ind2=" ">
         <subfield code="a">(OCoLC)1045542007</subfield>
      </datafield>
      <datafield tag="082" ind1="0" ind2="4">
         <subfield code="a">900</subfield>
      </datafield>
      <datafield tag="110" ind1="2" ind2=" ">
         <subfield code="a">Südwestdeutscher Arbeitskreis für Stadtgeschichtsforschung.</subfield>
         <subfield code="b">Arbeitstagung</subfield>
         <subfield code="n">(54th :</subfield>
         <subfield code="d">2015 :</subfield>
         <subfield code="c">Zurich, Switzerland)</subfield>
      </datafield>
      <datafield tag="245" ind1="1" ind2="0">
         <subfield code="a">Weltstädte, Metropolen, Megastädte :</subfield>
         <subfield code="b">Dynamiken von Stadt und Raum von der Antike bis zur Gegenwart : 54. Arbeitstagung in Zürich, 27.-29. November 2015 /</subfield>
         <subfield code="c">herausgegeben von Stephan Sander-Faes und Clemens Zimmermann.</subfield>
      </datafield>
      <datafield tag="264" ind1=" " ind2="1">
         <subfield code="a">Ostfildern :</subfield>
         <subfield code="b">Jan Thorbecke Verlag, Verlagsgruppe Patmos in der Schwabenverlag AG,</subfield>
         <subfield code="c">[2018].</subfield>
      </datafield>
      <datafield tag="264" ind1=" " ind2="4">
         <subfield code="c">©2018</subfield>
      </datafield>
      <datafield tag="300" ind1=" " ind2=" ">
         <subfield code="a">288 pages :</subfield>
         <subfield code="b">illustrations, maps ;</subfield>
         <subfield code="c">23 cm.</subfield>
      </datafield>
      <datafield tag="336" ind1=" " ind2=" ">
         <subfield code="a">text</subfield>
         <subfield code="2">rdacontent</subfield>
      </datafield>
      <datafield tag="337" ind1=" " ind2=" ">
         <subfield code="a">unmediated</subfield>
         <subfield code="2">rdamedia</subfield>
      </datafield>
      <datafield tag="338" ind1=" " ind2=" ">
         <subfield code="a">volume</subfield>
         <subfield code="2">rdacarrier</subfield>
      </datafield>
      <datafield tag="490" ind1="1" ind2=" ">
         <subfield code="a">Stadt in der Geschichte ;</subfield>
         <subfield code="v">Band 43</subfield>
      </datafield>
      <datafield tag="546" ind1=" " ind2=" ">
         <subfield code="a">Articles in German with summaries in English.</subfield>
      </datafield>
      <datafield tag="504" ind1=" " ind2=" ">
         <subfield code="a">Includes bibliographical references and index.</subfield>
      </datafield>
      <datafield tag="505" ind1="0" ind2="0">
         <subfield code="g">Zur Einführung /</subfield>
         <subfield code="r">Stephan Sander-Faes und Clemens Zimmermann --</subfield>
         <subfield code="t">Weltstädte, Metropolen, Megastädte : Dynamiken von Stadt und Raum von der Antike bis zur Gegenwart /</subfield>
         <subfield code="r">Clemens Zimmermann --</subfield>
         <subfield code="t">Antike Weltstädte --</subfield>
         <subfield code="t">Erste Stadt der Welt, metropolis und megalopolis : Antike Reflektionen über die Grösse und den Wandel Alexandrias in hellenistisch-römischer Zeit /</subfield>
         <subfield code="r">Stefan Pfeiffer --</subfield>
         <subfield code="t">"Schon längst ist der syrische Orontes in den Tiber gemündet" : die ethnische Vielfalt der Weltstadt Rom in der Kaiserzeit /</subfield>
         <subfield code="r">Ralf Behrwald --</subfield>
         <subfield code="t">Konstantinopel als Weltstadt in Spätantike und Frühmittelalter /</subfield>
         <subfield code="r">Albrecht Berger --</subfield>
         <subfield code="t">Weltstädte in Mittelalter und Früher Neuzeit --</subfield>
         <subfield code="t">Metropole ohne Mauern : Venedig in der Renaissance gesehen von Felix Fabri /</subfield>
         <subfield code="r">Uwe Israel --</subfield>
         <subfield code="t">Istanbul, Stadt der Migranten (1453-1800) /</subfield>
         <subfield code="r">Suraiya Faroqhi --</subfield>
         <subfield code="t">Goldener Apfel, höfische Residenz und eine der Hauptstädte des Heili gen Römischen Reiches : die Metropole Wien der Frühen Neuzeit /</subfield>
         <subfield code="r">Martin Scheutz --</subfield>
         <subfield code="t">La villa imperial de Potosí : Wirtschaftliche, politische und kulturelle Verflechtungen einer frühneuzeitlichen Weltstadt im Hochandenraum (16.-17. Jahrhundert) /</subfield>
         <subfield code="r">Christian Büschges --</subfield>
         <subfield code="t">Industrialisierung und Moderne Urbanisierung --</subfield>
         <subfield code="t">London und Hamburg um 1900 : Arbeit und Wohnen im Kontext diverser Pfade der Stadt- und Hafenentwicklung /</subfield>
         <subfield code="r">Dirk Schubert --</subfield>
         <subfield code="t">Paris : "Weltstadt" und "Metropole" der Sattelzeit /</subfield>
         <subfield code="r">Rainer Babel --</subfield>
         <subfield code="t">Europäische Metropolen um 1900 : Bewältigung des Wachstums /</subfield>
         <subfield code="r">Dieter Schott --</subfield>
         <subfield code="t">Metropolitane Räume und Perspektiven im 20.-21. Jahrhundert --</subfield>
         <subfield code="t">Los Angeles : von der Metropolregion zur Global City Region /</subfield>
         <subfield code="r">Adelheid von Saldern --</subfield>
         <subfield code="t">Russlands Metropole : Moskaus Weg von der Zarenstadt zur eurasischen Megacity /</subfield>
         <subfield code="r">Jan C. Behrends --</subfield>
         <subfield code="t">Grosse Pläne für Gross-Berlin /</subfield>
         <subfield code="r">Harald Bodenschatz --</subfield>
         <subfield code="g">Autorinnen und Autoren --</subfield>
         <subfield code="g">Register.</subfield>
      </datafield>
      <datafield tag="520" ind1="8" ind2=" ">
         <subfield code="a">Erstmals auf Deutsch wird ein diachroner Zugriff auf die Trias 'Weltstädte, Metropolen, Megastädte' vorgelegt, die anhand ausgewählter Beispiele von der Antike bis zur Gegenwart betrachtet wird. In 14 Beiträgen werden diese Stadttypen diskutiert: 'Weltstädte' waren und sind Akteure in großen Interaktionsräumen, 'Metropolen' gelten geradezu als Inbegriff der Urbanität, und 'Megastädte' zeichnen sich durch übergroße Netzwerke und raumbeherrschende Charakteristika aus. Auf der Basis dynamischer Raumkonzepte sowie Urbanisierungs- und Raumbegriffe zeichnen die Beiträge ein breites Panorama, das über die 'Europäische Stadt' hinaus die hybriden Charakteristika gegenwärtiger städtischer Gesellschaften betont und in der 'langen Dauer' prüft.</subfield>
      </datafield>
      <datafield tag="650" ind1=" " ind2="0">
         <subfield code="a">Cities and towns</subfield>
         <subfield code="x">History</subfield>
         <subfield code="v">Congresses.</subfield>
      </datafield>
      <datafield tag="650" ind1=" " ind2="0">
         <subfield code="a">Cities and towns</subfield>
         <subfield code="x">Growth</subfield>
         <subfield code="v">Congresses.</subfield>
      </datafield>
      <datafield tag="650" ind1=" " ind2="0">
         <subfield code="a">Metropolitan areas</subfield>
         <subfield code="x">History</subfield>
         <subfield code="v">Congresses.</subfield>
      </datafield>
      <datafield tag="650" ind1=" " ind2="0">
         <subfield code="a">Urbanization</subfield>
         <subfield code="x">History</subfield>
         <subfield code="v">Congresses.</subfield>
      </datafield>
      <datafield tag="650" ind1=" " ind2="0">
         <subfield code="a">City and town life</subfield>
         <subfield code="x">History</subfield>
         <subfield code="v">Congresses.</subfield>
      </datafield>
      <datafield tag="650" ind1=" " ind2="7">
         <subfield code="a">Cities and towns.</subfield>
         <subfield code="2">fast</subfield>
         <subfield code="0">(OCoLC)fst00861748</subfield>
      </datafield>
      <datafield tag="650" ind1=" " ind2="7">
         <subfield code="a">Cities and towns</subfield>
         <subfield code="x">Growth.</subfield>
         <subfield code="2">fast</subfield>
         <subfield code="0">(OCoLC)fst00861781</subfield>
      </datafield>
      <datafield tag="650" ind1=" " ind2="7">
         <subfield code="a">City and town life.</subfield>
         <subfield code="2">fast</subfield>
         <subfield code="0">(OCoLC)fst00862081</subfield>
      </datafield>
      <datafield tag="650" ind1=" " ind2="7">
         <subfield code="a">Metropolitan areas.</subfield>
         <subfield code="2">fast</subfield>
         <subfield code="0">(OCoLC)fst01018849</subfield>
      </datafield>
      <datafield tag="650" ind1=" " ind2="7">
         <subfield code="a">Urbanization.</subfield>
         <subfield code="2">fast</subfield>
         <subfield code="0">(OCoLC)fst01162722</subfield>
      </datafield>
      <datafield tag="655" ind1=" " ind2="7">
         <subfield code="a">Conference papers and proceedings.</subfield>
         <subfield code="2">fast</subfield>
         <subfield code="0">(OCoLC)fst01423772</subfield>
      </datafield>
      <datafield tag="655" ind1=" " ind2="7">
         <subfield code="a">History.</subfield>
         <subfield code="2">fast</subfield>
         <subfield code="0">(OCoLC)fst01411628</subfield>
      </datafield>
      <datafield tag="700" ind1="1" ind2=" ">
         <subfield code="a">Sander-Faes, Stephan Karl.</subfield>
      </datafield>
      <datafield tag="700" ind1="1" ind2=" ">
         <subfield code="a">Zimmermann, Clemens.</subfield>
      </datafield>
      <datafield tag="830" ind1=" " ind2="0">
         <subfield code="a">Stadt in der Geschichte ;</subfield>
         <subfield code="v">Bd. 43.</subfield>
      </datafield>
      <datafield tag="OWN" ind1=" " ind2=" ">
         <subfield code="a">GENERAL</subfield>
      </datafield>
      <datafield tag="AVA" ind1=" " ind2=" ">
         <subfield code="a">NYU50</subfield>
         <subfield code="b">NISAW</subfield>
         <subfield code="c">Small Collection</subfield>
         <subfield code="d">HT111 .S83 2015 Non-circulating</subfield>
         <subfield code="e">available</subfield>
         <subfield code="t">Available</subfield>
         <subfield code="f">1</subfield>
         <subfield code="g">0</subfield>
         <subfield code="h">N</subfield>
         <subfield code="i">0</subfield>
         <subfield code="j">SMALL</subfield>
         <subfield code="k">0</subfield>
      </datafield>
      <marc:datafield tag="852" ind1=" " ind2=" ">
         <marc:subfield code="b">Institute for the Study of the Ancient World, </marc:subfield>
         <marc:subfield code="c">Small Collection</marc:subfield>
         <marc:subfield code="e">15 East 84th St., </marc:subfield>
         <marc:subfield code="e">New York, NY  10028</marc:subfield>
      </marc:datafield>
   </record>