
  
  
  
  
  
  
  
  
  
  
  
 
  
  <record xsi:schemaLocation="http://www.loc.gov/MARC21/slim http://www.loc.gov/standards/marcxml/schema/MARC21slim.xsd">
      <leader>00000cam a22005174a 4500</leader>
      <controlfield tag="FMT">BK</controlfield>
      <controlfield tag="LDR">00000cam a22005174a 4500</controlfield>
      <controlfield tag="001">001705620</controlfield>
      <controlfield tag="003">OCoLC</controlfield>
      <controlfield tag="005">20181009160434.0</controlfield>
      <controlfield tag="008">000110s2000    nyub     b    001 0 eng</controlfield>
      <datafield tag="010" ind1=" " ind2=" ">
         <subfield code="a">00021326</subfield>
      </datafield>
      <datafield tag="020" ind1=" " ind2=" ">
         <subfield code="a">0385497164</subfield>
         <subfield code="q">(v. 1 ;</subfield>
         <subfield code="q">alk. paper)</subfield>
      </datafield>
      <datafield tag="020" ind1=" " ind2=" ">
         <subfield code="a">9780385497169</subfield>
         <subfield code="q">(v. 1 ;</subfield>
         <subfield code="q">alk. paper)</subfield>
      </datafield>
      <datafield tag="020" ind1=" " ind2=" ">
         <subfield code="a">0385513798</subfield>
      </datafield>
      <datafield tag="020" ind1=" " ind2=" ">
         <subfield code="a">9780385513791</subfield>
      </datafield>
      <datafield tag="035" ind1="9" ind2=" ">
         <subfield code="a">NYUb12255968</subfield>
      </datafield>
      <datafield tag="035" ind1=" " ind2=" ">
         <subfield code="a">(OCoLC)43311800</subfield>
         <subfield code="z">(OCoLC)785269065</subfield>
         <subfield code="z">(OCoLC)1000887226</subfield>
         <subfield code="z">(OCoLC)1006241758</subfield>
         <subfield code="z">(OCoLC)1015452948</subfield>
         <subfield code="z">(OCoLC)1017815676</subfield>
      </datafield>
      <datafield tag="040" ind1=" " ind2=" ">
         <subfield code="a">DLC</subfield>
         <subfield code="b">eng</subfield>
         <subfield code="c">DLC</subfield>
         <subfield code="d">NLGGC</subfield>
         <subfield code="d">BAKER</subfield>
         <subfield code="d">BTCTA</subfield>
         <subfield code="d">YDXCP</subfield>
         <subfield code="d">ZCU</subfield>
         <subfield code="d">DEBSZ</subfield>
         <subfield code="d">EUM</subfield>
         <subfield code="d">OCLCO</subfield>
         <subfield code="d">OCLCA</subfield>
         <subfield code="d">OCLCQ</subfield>
         <subfield code="d">OCLCO</subfield>
         <subfield code="d">IGR</subfield>
         <subfield code="d">IOO</subfield>
         <subfield code="d">AUW</subfield>
         <subfield code="d">OCLCQ</subfield>
         <subfield code="d">OCLCO</subfield>
         <subfield code="d">FYW</subfield>
         <subfield code="d">MNA</subfield>
         <subfield code="d">OCLCO</subfield>
         <subfield code="d">OCLCQ</subfield>
         <subfield code="d">MNLUT</subfield>
         <subfield code="d">DHA</subfield>
         <subfield code="d">OCLCQ</subfield>
         <subfield code="d">OCLCF</subfield>
      </datafield>
      <datafield tag="042" ind1=" " ind2=" ">
         <subfield code="a">pcc</subfield>
      </datafield>
      <datafield tag="050" ind1="0" ind2="0">
         <subfield code="a">BS192.2.A1 1964</subfield>
         <subfield code="b">.G3 vol.19</subfield>
      </datafield>
      <datafield tag="079" ind1=" " ind2=" ">
         <subfield code="a">(OCoLC)43311800</subfield>
      </datafield>
      <datafield tag="082" ind1="0" ind2="0">
         <subfield code="a">224/.1077</subfield>
         <subfield code="2">21</subfield>
      </datafield>
      <datafield tag="084" ind1=" " ind2=" ">
         <subfield code="a">11.41</subfield>
         <subfield code="2">bcl</subfield>
      </datafield>
      <datafield tag="084" ind1=" " ind2=" ">
         <subfield code="a">220.7</subfield>
      </datafield>
      <datafield tag="130" ind1="0" ind2=" ">
         <subfield code="a">Bible.</subfield>
         <subfield code="p">Isaiah, I-XXXIX.</subfield>
         <subfield code="l">English.</subfield>
         <subfield code="s">Blenkinsopp.</subfield>
         <subfield code="f">2000.</subfield>
      </datafield>
      <datafield tag="245" ind1="1" ind2="0">
         <subfield code="a">Isaiah 1-39 :</subfield>
         <subfield code="b">a new translation with introduction and commentary /</subfield>
         <subfield code="c">Joseph Blenkinsopp.</subfield>
      </datafield>
      <datafield tag="246" ind1="3" ind2=" ">
         <subfield code="a">Isaiah one-thirty-nine</subfield>
      </datafield>
      <datafield tag="246" ind1="1" ind2=" ">
         <subfield code="i">Society of Biblical Literature abbreviation for series:</subfield>
         <subfield code="a">AB</subfield>
      </datafield>
      <datafield tag="250" ind1=" " ind2=" ">
         <subfield code="a">1st ed.</subfield>
      </datafield>
      <datafield tag="260" ind1=" " ind2=" ">
         <subfield code="a">New York :</subfield>
         <subfield code="b">Doubleday,</subfield>
         <subfield code="c">2000.</subfield>
      </datafield>
      <datafield tag="300" ind1=" " ind2=" ">
         <subfield code="a">xix, 524 pages :</subfield>
         <subfield code="b">maps ;</subfield>
         <subfield code="c">25 cm.</subfield>
      </datafield>
      <datafield tag="336" ind1=" " ind2=" ">
         <subfield code="a">text</subfield>
         <subfield code="b">txt</subfield>
         <subfield code="2">rdacontent</subfield>
      </datafield>
      <datafield tag="337" ind1=" " ind2=" ">
         <subfield code="a">unmediated</subfield>
         <subfield code="b">n</subfield>
         <subfield code="2">rdamedia</subfield>
      </datafield>
      <datafield tag="338" ind1=" " ind2=" ">
         <subfield code="a">volume</subfield>
         <subfield code="b">nc</subfield>
         <subfield code="2">rdacarrier</subfield>
      </datafield>
      <datafield tag="490" ind1="1" ind2=" ">
         <subfield code="a">The Anchor Bible Commentary Series</subfield>
      </datafield>
      <datafield tag="500" ind1=" " ind2=" ">
         <subfield code="a">ISAW copy is from the library of Lawrence E. Stager.</subfield>
         <subfield code="5">NyNyUAW</subfield>
      </datafield>
      <datafield tag="504" ind1=" " ind2=" ">
         <subfield code="a">Includes bibliographical references and indexes.</subfield>
      </datafield>
      <datafield tag="505" ind1="0" ind2="0">
         <subfield code="t">Isaiah 1-39: a Translation --</subfield>
         <subfield code="g">1.</subfield>
         <subfield code="t">Book of Isaiah within Latter Prophets and the Canon of the Hebrew Bible/Old Testament --</subfield>
         <subfield code="g">2.</subfield>
         <subfield code="t">Text of Isaiah and the Ancient Versions --</subfield>
         <subfield code="g">3.</subfield>
         <subfield code="t">Literary and Structural Characteristics of the Book --</subfield>
         <subfield code="g">4.</subfield>
         <subfield code="t">Formation of the Book --</subfield>
         <subfield code="g">5.</subfield>
         <subfield code="t">Isaiah Interpreted in Judaism and Early Christianity --</subfield>
         <subfield code="g">6.</subfield>
         <subfield code="t">Historical Context --</subfield>
         <subfield code="g">7.</subfield>
         <subfield code="t">Aspects of Isaian Theology --</subfield>
         <subfield code="t">Book of Isaiah --</subfield>
         <subfield code="t">Texts and Versions --</subfield>
         <subfield code="t">Monographs, Articles, Special Studies --</subfield>
         <subfield code="t">Isaiah 1-12 --</subfield>
         <subfield code="t">Isaiah 13-27 --</subfield>
         <subfield code="t">Isaiah 28-35 --</subfield>
         <subfield code="t">Isaiah 36-39 --</subfield>
         <subfield code="t">Translation, Notes and Comments --</subfield>
         <subfield code="t">Isaiah 1-12 --</subfield>
         <subfield code="t">Introduction to Isaiah 1-12 --</subfield>
         <subfield code="t">Title (1:1) --</subfield>
         <subfield code="t">Great Arraignment (1:2-31) --</subfield>
         <subfield code="t">Second Title (2:1) --</subfield>
         <subfield code="t">Pilgrimage of the Nations to Zion (2:2-5) --</subfield>
         <subfield code="t">Final Judgment (2:6-22) --</subfield>
         <subfield code="t">Social and Moral Chaos (3:1-15) --</subfield>
         <subfield code="t">Fate of the Court Ladies (3:16-4:1) --</subfield>
         <subfield code="t">After Judgment, Peace and Security (4:2-6) --</subfield>
         <subfield code="t">Vineyard Song (5:1-7) --</subfield>
         <subfield code="t">Series of Woes (10:1-4; 5:8-24) --</subfield>
      </datafield>
      <datafield tag="505" ind1="0" ind2="0">
         <subfield code="9"/>
         <subfield code="t">Poem about the Angry God (9:7-20[8-21] + 5:25) --</subfield>
         <subfield code="t">Assyria Is Summoned to the Attack (5:26-30) --</subfield>
         <subfield code="t">Throne Room Vision (6:1-13) --</subfield>
         <subfield code="t">Isaiah's First Intervention in Judean Politics (734 B.C.E.; 7:1-17) --</subfield>
         <subfield code="t">Disasters of War: Four Cameos (7:18-25) --</subfield>
         <subfield code="t">Child with the Name of Ill Omen (8:1-4) --</subfield>
         <subfield code="t">Judah Will Be Submerged (8:5-10) --</subfield>
         <subfield code="t">Isaiah and His Co-conspirators (8:11-15) --</subfield>
         <subfield code="t">Closing Reflection (8:16-22) --</subfield>
         <subfield code="t">New Ruler, New Age (8:23-9:6[9:1-7]) --</subfield>
         <subfield code="t">Assyria, Rod of My Anger (10:5-14) --</subfield>
         <subfield code="t">Prophetic Response to Assyrian Hubris (10:15-19) --</subfield>
         <subfield code="t">Three Editorial Comments (10:20-27a) --</subfield>
         <subfield code="t">Enemy Approaches (10:27b-32) --</subfield>
         <subfield code="t">Peaceful Kingdom (11:1-9) --</subfield>
         <subfield code="t">Reunited People (11:10-16) --</subfield>
         <subfield code="t">Concluding Hymn of Thanksgiving (12:1-6) --</subfield>
         <subfield code="t">Isaiah 13-27 --</subfield>
         <subfield code="t">Introduction to Isaiah 13-27 --</subfield>
         <subfield code="t">Fall of Babylon Presages Universal Judgment (13:1-22) --</subfield>
         <subfield code="t">Editorial Comment (14:1-2) --</subfield>
         <subfield code="t">King of Babylon in the Underworld (14:3-23) --</subfield>
         <subfield code="t">End of Imperial Assyria (14:24-27) --</subfield>
      </datafield>
      <datafield tag="505" ind1="0" ind2="0">
         <subfield code="9"/>
         <subfield code="t">Oracular Pronouncement about the Philistines (14:28-32) --</subfield>
         <subfield code="t">Oracles and Pronouncements about Moab (15:1-16:14) --</subfield>
         <subfield code="t">Once Again, the Fate of Syria and Israel (17:1-11) --</subfield>
         <subfield code="t">Sudden End to Political Oppression (17:12-14) --</subfield>
         <subfield code="t">Against an Alliance with Egypt (18:1-7) --</subfield>
         <subfield code="t">Fate of Egypt (19:1-15) --</subfield>
         <subfield code="t">"Blessed Be My People Egypt" (19:16-25) --</subfield>
         <subfield code="t">Ominous Sign-Act (20:1-6) --</subfield>
         <subfield code="t">"Fallen, Fallen Is Babylon!" (21:1-10) --</subfield>
         <subfield code="t">Oracles about Arab Peoples (21:11-17) --</subfield>
         <subfield code="t">Valley of Vision (22:1-14) --</subfield>
         <subfield code="t">Palace Officials Condemned (22:15-25) --</subfield>
         <subfield code="t">About Phoenicia (23:1-18) --</subfield>
         <subfield code="t">Curse on the Earth and Its Inhabitants (24:1-13) --</subfield>
         <subfield code="t">Dies irae, dies illa (24:14-23) --</subfield>
         <subfield code="t">Eschatological Banquet (25:6-8) --</subfield>
         <subfield code="t">Three Thanksgiving Psalms (25:1-5, 9-12; 26:1-6) --</subfield>
         <subfield code="t">Eschatological Psalm (26:7-27:1) --</subfield>
         <subfield code="t">Vineyard Revisited (27:2-6) --</subfield>
         <subfield code="t">Once Again, and Finally, the Destiny of the City and of God's People (27:7-13) --</subfield>
         <subfield code="t">Isaiah 28-35 --</subfield>
         <subfield code="t">Introduction to Isaiah 28-35 --</subfield>
      </datafield>
      <datafield tag="505" ind1="0" ind2="0">
         <subfield code="9"/>
         <subfield code="t">Fate of Samaria and Its Leaders (28:1-13) --</subfield>
         <subfield code="t">Deal with Death Undone (28:14-22) --</subfield>
         <subfield code="t">Parable of the Good Farmer (28:23-29) --</subfield>
         <subfield code="t">Ariel's Reversal of Fortune (29:1-8) --</subfield>
         <subfield code="t">Blind and the Obtuse (29:9-14) --</subfield>
         <subfield code="t">Limitations of Political Know-How (29:15-24) --</subfield>
         <subfield code="t">Folly of an Alliance with Egypt (30:1-5) --</subfield>
         <subfield code="t">Animals of the Negev: An Oracle (30:6-7) --</subfield>
         <subfield code="t">Write It for Posterity (30:8-14) --</subfield>
         <subfield code="t">Ignominious Defeat Awaits You (30:15-17) --</subfield>
         <subfield code="t">Mercy Will Embrace You on Every Side (30:18-26) --</subfield>
         <subfield code="t">Assyria: The Final Phase (30:27-33) --</subfield>
         <subfield code="t">Alliance with Egypt Is Doomed (31:1-9) --</subfield>
         <subfield code="t">Righteous Kingdom (32:1-8) --</subfield>
         <subfield code="t">Mourning, but Not Forever (32:9-20) --</subfield>
         <subfield code="t">Tyrant Condemned (33:1) --</subfield>
         <subfield code="t">Psalm of Petition and Praise (33:2-6) --</subfield>
         <subfield code="t">Scene of Social and Physical Disaster (33:7-13) --</subfield>
         <subfield code="t">Moral Catechism (33:14-16) --</subfield>
         <subfield code="t">Future without Fear (33:17-24) --</subfield>
         <subfield code="t">Sword over Edom (34:1-17) --</subfield>
         <subfield code="t">Final Restoration of Judah (35:1-10) --</subfield>
         <subfield code="t">Isaiah 36-39 --</subfield>
         <subfield code="t">Introduction to Isaiah 36-39 --</subfield>
      </datafield>
      <datafield tag="505" ind1="0" ind2="0">
         <subfield code="9"/>
         <subfield code="t">Jerusalem Threatened and Rescued (36:1-37:38) --</subfield>
         <subfield code="t">Hezekiah's Sickness and Recovery (38:1-22) --</subfield>
         <subfield code="t">Babylonian Delegation Visits Hezekiah (39:1-8).</subfield>
      </datafield>
      <datafield tag="520" ind1="1" ind2=" ">
         <subfield code="a">"Writing a commentary on the book of Isaiah in the middle of a paradigm shift in biblical studies, and in the study of the prophetic books in particular, is no easy task. The book of Isaiah has been the object of more scholarly interest over the past two or three decades than during the century preceding. At the same time, much of the received wisdom on the formation of the book has been called into question, including such matters as the date of its several components, the standard tripartite division, the role (if any) to be assigned to the prophet Isaiah himself, and the passages dealing with the anonymous Servant of the Lord. A great deal of effort has been and continues to be expended in exploring new approaches to the book, both within the conventional critical methodologies and beyond them." "This commentary by Joseph Blenkinsopp on the first thirty-nine chapters of the book, the first of a three-volume commentary on Isaiah, is written from a critical perspective in the belief that only in this way can these texts be given the opportunity to say what they have to say -- and also in the conviction that what they have to say still retains its transforming power for those willing to listen attentively today. The result is a commentary of unequaled brilliance and insight that will stand as the definitive study of one of the Hebrew Bible's most compelling and elusive books. Book jacket."--Jacket.</subfield>
      </datafield>
      <datafield tag="630" ind1="0" ind2="0">
         <subfield code="a">Bible.</subfield>
         <subfield code="p">Isaiah, I-XXXIX</subfield>
         <subfield code="v">Commentaries.</subfield>
      </datafield>
      <datafield tag="655" ind1=" " ind2="7">
         <subfield code="a">Commentaries.</subfield>
         <subfield code="2">fast</subfield>
         <subfield code="0">(OCoLC)fst01423723</subfield>
      </datafield>
      <datafield tag="700" ind1="1" ind2=" ">
         <subfield code="a">Blenkinsopp, Joseph,</subfield>
         <subfield code="d">1927-</subfield>
      </datafield>
      <datafield tag="700" ind1="1" ind2=" ">
         <subfield code="a">Stager, Lawrence E.,</subfield>
         <subfield code="e">former owner.</subfield>
         <subfield code="5">NyNyUAW</subfield>
      </datafield>
      <datafield tag="740" ind1="0" ind2=" ">
         <subfield code="a">Stager Collection.</subfield>
         <subfield code="5">NyNyUAW</subfield>
      </datafield>
      <datafield tag="830" ind1=" " ind2="0">
         <subfield code="a">Bible.</subfield>
         <subfield code="l">English.</subfield>
         <subfield code="s">Anchor Bible.</subfield>
         <subfield code="f">1964 ;</subfield>
         <subfield code="v">v. 19.</subfield>
      </datafield>
      <datafield tag="856" ind1="4" ind2=" ">
         <subfield code="3">Cover image</subfield>
         <subfield code="u">https://covers.openlibrary.org/b/id/241923-M.jpg</subfield>
         <subfield code="x">Open Library 20150505</subfield>
      </datafield>
      <datafield tag="OWN" ind1=" " ind2=" ">
         <subfield code="a">GENERAL</subfield>
      </datafield>
      <datafield tag="AVA" ind1=" " ind2=" ">
         <subfield code="a">NYU50</subfield>
         <subfield code="b">BOBST</subfield>
         <subfield code="c">Main Collection</subfield>
         <subfield code="d">BS192.2.A1 1964 .G3 v.19</subfield>
         <subfield code="e">available</subfield>
         <subfield code="t">Available</subfield>
         <subfield code="f">4</subfield>
         <subfield code="g">2</subfield>
         <subfield code="h">N</subfield>
         <subfield code="i">1</subfield>
         <subfield code="j">MAIN</subfield>
         <subfield code="k">0</subfield>
      </datafield>
      <datafield tag="AVA" ind1=" " ind2=" ">
         <subfield code="a">NYU50</subfield>
         <subfield code="b">NISAW</subfield>
         <subfield code="c">Small Collection</subfield>
         <subfield code="d">BS192.2.A1 1964 .G3 vol.19 2000 Non-circulating</subfield>
         <subfield code="e">available</subfield>
         <subfield code="t">Available</subfield>
         <subfield code="f">1</subfield>
         <subfield code="g">0</subfield>
         <subfield code="h">N</subfield>
         <subfield code="i">0</subfield>
         <subfield code="j">SMALL</subfield>
         <subfield code="k">0</subfield>
      </datafield>
      <marc:datafield tag="852" ind1=" " ind2=" ">
         <marc:subfield code="b">Institute for the Study of the Ancient World, </marc:subfield>
         <marc:subfield code="c">Small Collection</marc:subfield>
         <marc:subfield code="e">15 East 84th St., </marc:subfield>
         <marc:subfield code="e">New York, NY  10028</marc:subfield>
      </marc:datafield>
   </record>