
  
  
  
  
  
  
  
  
  
  
  
  
  
  
 
  
  <record xsi:schemaLocation="http://www.loc.gov/MARC21/slim http://www.loc.gov/standards/marcxml/schema/MARC21slim.xsd">
      <leader>00000cam a2200589Ki 4500</leader>
      <controlfield tag="FMT">BK</controlfield>
      <controlfield tag="LDR">00000cam a2200589Ki 4500</controlfield>
      <controlfield tag="001">003328683</controlfield>
      <controlfield tag="003">OCoLC</controlfield>
      <controlfield tag="005">20181009101432.0</controlfield>
      <controlfield tag="008">750509m19591981ja abf   b    000 0 jpn d</controlfield>
      <datafield tag="035" ind1=" " ind2=" ">
         <subfield code="a">(OCoLC)17380716</subfield>
         <subfield code="z">(OCoLC)41100137</subfield>
         <subfield code="z">(OCoLC)78461739</subfield>
         <subfield code="z">(OCoLC)79777964</subfield>
         <subfield code="z">(OCoLC)83942465</subfield>
         <subfield code="z">(OCoLC)283660525</subfield>
         <subfield code="z">(OCoLC)610534223</subfield>
      </datafield>
      <datafield tag="040" ind1=" " ind2=" ">
         <subfield code="a">PAU</subfield>
         <subfield code="b">eng</subfield>
         <subfield code="c">PAU</subfield>
         <subfield code="d">OCLCQ</subfield>
         <subfield code="d">OCLCG</subfield>
         <subfield code="d">OCLCA</subfield>
         <subfield code="d">PAU</subfield>
         <subfield code="d">OCLCQ</subfield>
         <subfield code="d">OCLCF</subfield>
         <subfield code="d">ZYU</subfield>
      </datafield>
      <datafield tag="041" ind1="0" ind2=" ">
         <subfield code="a">eng</subfield>
         <subfield code="a">jpn</subfield>
      </datafield>
      <datafield tag="043" ind1=" " ind2=" ">
         <subfield code="a">a-iq---</subfield>
      </datafield>
      <datafield tag="050" ind1=" " ind2="4">
         <subfield code="a">DS69.5</subfield>
         <subfield code="b">.T6 v.1, 11, 15, 17</subfield>
      </datafield>
      <datafield tag="079" ind1=" " ind2=" ">
         <subfield code="a">(OCoLC)17380716</subfield>
      </datafield>
      <datafield tag="110" ind1="2" ind2=" ">
         <subfield code="6">880-01</subfield>
         <subfield code="a">Tōkyō Daigaku.</subfield>
         <subfield code="b">Iraku Iran Iseki Chōsadan.</subfield>
      </datafield>
      <datafield tag="245" ind1="1" ind2="0">
         <subfield code="6">880-02</subfield>
         <subfield code="a">Teru Sarasāto =</subfield>
         <subfield code="b">Telul eth-Thalathat.</subfield>
      </datafield>
      <datafield tag="246" ind1="3" ind2="1">
         <subfield code="a">Telul eth-Thalathat</subfield>
      </datafield>
      <datafield tag="260" ind1=" " ind2=" ">
         <subfield code="6">880-03</subfield>
         <subfield code="a">Tōkyō :</subfield>
         <subfield code="b">Yamakawa Shuppansha,</subfield>
         <subfield code="c">1959-1981.</subfield>
      </datafield>
      <datafield tag="300" ind1=" " ind2=" ">
         <subfield code="a">4 volumes :</subfield>
         <subfield code="b">illustrations, maps (some color), plates (some color, some folded) ;</subfield>
         <subfield code="c">35 cm.</subfield>
      </datafield>
      <datafield tag="336" ind1=" " ind2=" ">
         <subfield code="a">text</subfield>
         <subfield code="b">txt</subfield>
         <subfield code="2">rdacontent</subfield>
      </datafield>
      <datafield tag="337" ind1=" " ind2=" ">
         <subfield code="a">unmediated</subfield>
         <subfield code="b">n</subfield>
         <subfield code="2">rdamedia</subfield>
      </datafield>
      <datafield tag="338" ind1=" " ind2=" ">
         <subfield code="a">volume</subfield>
         <subfield code="b">nc</subfield>
         <subfield code="2">rdacarrier</subfield>
      </datafield>
      <datafield tag="490" ind1="1" ind2=" ">
         <subfield code="6">880-04</subfield>
         <subfield code="a">Tōkyō Daigaku Iraku Iran Iseki Chōsadan hōkokusho ;</subfield>
         <subfield code="v">1, 11, 15, 17 =</subfield>
         <subfield code="a">Tokyo University Iraq-Iran Archaeological Expedition report ;</subfield>
         <subfield code="v">1, 11, 15, 17</subfield>
      </datafield>
      <datafield tag="500" ind1=" " ind2=" ">
         <subfield code="a">Vol. 2-4 issued by the Institute of Oriental Culture, University of Tokyo.</subfield>
      </datafield>
      <datafield tag="505" ind1="0" ind2="0">
         <subfield code="g">v. 1.</subfield>
         <subfield code="t">The excavation of Tell II: 1956-1957 /</subfield>
         <subfield code="r">edited by N. Egami --</subfield>
         <subfield code="g">v. 2.</subfield>
         <subfield code="t">The excavation of Tell II: the third season (1964) /</subfield>
         <subfield code="r">by S. Fukai, K. Horiuchi and T. Matsutani --</subfield>
         <subfield code="g">v. 3.</subfield>
         <subfield code="t">The excavation of Tell V: the fourth season (1965) /</subfield>
         <subfield code="r">by S. Fukai, K. Horiuchi, and T. Matsutani --</subfield>
         <subfield code="g">v. 4.</subfield>
         <subfield code="t">The excavation of Tell II: the fifth season (1976) /</subfield>
         <subfield code="r">Shinji Fukai, Toshio Matsutani.</subfield>
      </datafield>
      <datafield tag="546" ind1=" " ind2=" ">
         <subfield code="a">Japanese and English.</subfield>
      </datafield>
      <datafield tag="651" ind1=" " ind2="0">
         <subfield code="a">Iraq</subfield>
         <subfield code="x">Antiquities.</subfield>
      </datafield>
      <datafield tag="650" ind1=" " ind2="0">
         <subfield code="a">Excavations (Archaeology)</subfield>
         <subfield code="z">Iraq</subfield>
         <subfield code="z">Tulūl al-Thalāthāt Site.</subfield>
      </datafield>
      <datafield tag="650" ind1=" " ind2="0">
         <subfield code="a">Ubaid culture.</subfield>
      </datafield>
      <datafield tag="650" ind1=" " ind2="0">
         <subfield code="a">Archaeology</subfield>
         <subfield code="z">Iraq</subfield>
         <subfield code="x">Discovery and exploration.</subfield>
      </datafield>
      <datafield tag="651" ind1=" " ind2="0">
         <subfield code="a">Tulūl al-Thalāthāt Site (Iraq)</subfield>
      </datafield>
      <datafield tag="651" ind1=" " ind2="7">
         <subfield code="a">Telul eth-Thalathat.</subfield>
         <subfield code="2">pleiades</subfield>
         <subfield code="0">https://pleiades.stoa.org/places/963297878</subfield>
      </datafield>
      <datafield tag="700" ind1="1" ind2=" ">
         <subfield code="6">880-05</subfield>
         <subfield code="a">Egami, Namio,</subfield>
         <subfield code="d">1906-2002.</subfield>
      </datafield>
      <datafield tag="700" ind1="1" ind2=" ">
         <subfield code="6">880-06</subfield>
         <subfield code="a">Fukai, Shinji,</subfield>
         <subfield code="d">1924-</subfield>
      </datafield>
      <datafield tag="880" ind1="2" ind2=" ">
         <subfield code="6">110-01/</subfield>
         <subfield code="a">東京大学.</subfield>
         <subfield code="b">イラクイラン遺跡調查団.</subfield>
      </datafield>
      <datafield tag="880" ind1="1" ind2="0">
         <subfield code="6">245-02/</subfield>
         <subfield code="a">テル・サラサート =</subfield>
         <subfield code="b">Telul eth-Thalathat.</subfield>
      </datafield>
      <datafield tag="880" ind1=" " ind2=" ">
         <subfield code="6">260-03/</subfield>
         <subfield code="a">東京 :</subfield>
         <subfield code="b">山川出版社,</subfield>
         <subfield code="c">1959-1981.</subfield>
      </datafield>
      <datafield tag="880" ind1="1" ind2=" ">
         <subfield code="6">490-04/</subfield>
         <subfield code="a">東京大学イラクイラン遺跡調查団報告書 ;</subfield>
         <subfield code="v">1, 11, 15, 17 =</subfield>
         <subfield code="a">Tokyo University Iraq-Iran Archaeological Expedition report ;</subfield>
         <subfield code="v">1, 11, 15, 17</subfield>
      </datafield>
      <datafield tag="880" ind1="1" ind2=" ">
         <subfield code="6">700-05/</subfield>
         <subfield code="a">江上波夫,</subfield>
         <subfield code="d">1906-2002.</subfield>
      </datafield>
      <datafield tag="880" ind1="1" ind2=" ">
         <subfield code="6">700-06/</subfield>
         <subfield code="a">深井晋司,</subfield>
         <subfield code="d">1924-</subfield>
      </datafield>
      <datafield tag="810" ind1="2" ind2=" ">
         <subfield code="6">880-07</subfield>
         <subfield code="a">Tōkyō Daigaku.</subfield>
         <subfield code="b">Iraku Iran Iseki Chōsadan.</subfield>
         <subfield code="t">Tōkyō Daigaku Iraku Iran Iseki Chōsadan hōkokusho ;</subfield>
         <subfield code="v">1.</subfield>
      </datafield>
      <datafield tag="880" ind1="2" ind2=" ">
         <subfield code="6">810-07/</subfield>
         <subfield code="a">東京大学.</subfield>
         <subfield code="b">イラクイラン遺跡調查団.</subfield>
         <subfield code="t">東京大学イラクイラン遺跡調查団報告書 ;</subfield>
         <subfield code="v">1.</subfield>
      </datafield>
      <datafield tag="810" ind1="2" ind2=" ">
         <subfield code="6">880-08</subfield>
         <subfield code="a">Tōkyō Daigaku.</subfield>
         <subfield code="b">Iraku Iran Iseki Chōsadan.</subfield>
         <subfield code="t">Tōkyō Daigaku Iraku Iran Iseki Chōsadan hōkokusho ;</subfield>
         <subfield code="v">11.</subfield>
      </datafield>
      <datafield tag="880" ind1="2" ind2=" ">
         <subfield code="6">810-08/</subfield>
         <subfield code="a">東京大学.</subfield>
         <subfield code="b">イラクイラン遺跡調查団.</subfield>
         <subfield code="t">東京大学イラクイラン遺跡調查団報告書 ;</subfield>
         <subfield code="v">11.</subfield>
      </datafield>
      <datafield tag="810" ind1="2" ind2=" ">
         <subfield code="6">880-09</subfield>
         <subfield code="a">Tōkyō Daigaku.</subfield>
         <subfield code="b">Iraku Iran Iseki Chōsadan.</subfield>
         <subfield code="t">Tōkyō Daigaku Iraku Iran Iseki Chōsadan hōkokusho ;</subfield>
         <subfield code="v">15.</subfield>
      </datafield>
      <datafield tag="880" ind1="2" ind2=" ">
         <subfield code="6">810-09/</subfield>
         <subfield code="a">東京大学.</subfield>
         <subfield code="b">イラクイラン遺跡調查団.</subfield>
         <subfield code="t">東京大学イラクイラン遺跡調查団報告書 ;</subfield>
         <subfield code="v">15.</subfield>
      </datafield>
      <datafield tag="810" ind1="2" ind2=" ">
         <subfield code="6">880-10</subfield>
         <subfield code="a">Tōkyō Daigaku.</subfield>
         <subfield code="b">Iraku Iran Iseki Chōsadan.</subfield>
         <subfield code="t">Tōkyō Daigaku Iraku Iran Iseki Chōsadan hōkokusho ;</subfield>
         <subfield code="v">17.</subfield>
      </datafield>
      <datafield tag="880" ind1="2" ind2=" ">
         <subfield code="6">810-10/</subfield>
         <subfield code="a">東京大学.</subfield>
         <subfield code="b">イラクイラン遺跡調查団.</subfield>
         <subfield code="t">東京大学イラクイラン遺跡調查団報告書 ;</subfield>
         <subfield code="v">17.</subfield>
      </datafield>
      <datafield tag="994" ind1=" " ind2=" ">
         <subfield code="a">Z0</subfield>
         <subfield code="b">ZYU</subfield>
      </datafield>
      <datafield tag="OWN" ind1=" " ind2=" ">
         <subfield code="a">GENERAL</subfield>
      </datafield>
      <datafield tag="AVA" ind1=" " ind2=" ">
         <subfield code="a">NYU50</subfield>
         <subfield code="b">NISAW</subfield>
         <subfield code="c">Oversize Collection</subfield>
         <subfield code="d">DS69.5 .T6 1959 vol.1, etc. Non-circulating</subfield>
         <subfield code="e">available</subfield>
         <subfield code="t">Available</subfield>
         <subfield code="f">3</subfield>
         <subfield code="g">0</subfield>
         <subfield code="h">Y</subfield>
         <subfield code="i">0</subfield>
         <subfield code="j">OVERZ</subfield>
         <subfield code="k">0</subfield>
      </datafield>
      <marc:datafield tag="852" ind1=" " ind2=" ">
         <marc:subfield code="b">Institute for the Study of the Ancient World, </marc:subfield>
         <marc:subfield code="c">Oversize Collection</marc:subfield>
         <marc:subfield code="e">15 East 84th St., </marc:subfield>
         <marc:subfield code="e">New York, NY  10028</marc:subfield>
      </marc:datafield>
   </record>