
  
  
  
  
  
  
  
  
  
  
  
 
  
  <record xsi:schemaLocation="http://www.loc.gov/MARC21/slim http://www.loc.gov/standards/marcxml/schema/MARC21slim.xsd">
      <leader>00000cam a2200409Mi 4500</leader>
      <controlfield tag="FMT">BK</controlfield>
      <controlfield tag="LDR">00000cam a2200409Mi 4500</controlfield>
      <controlfield tag="001">004380620</controlfield>
      <controlfield tag="003">OCoLC</controlfield>
      <controlfield tag="005">20181026155433.0</controlfield>
      <controlfield tag="008">150803m20159999enkabe   b    001 0 eng d</controlfield>
      <datafield tag="020" ind1=" " ind2=" ">
         <subfield code="a">1443878154</subfield>
         <subfield code="q">v. 1</subfield>
         <subfield code="q">hardcover</subfield>
      </datafield>
      <datafield tag="020" ind1=" " ind2=" ">
         <subfield code="a">9781443878159</subfield>
         <subfield code="q">v. 1</subfield>
         <subfield code="q">hardcover</subfield>
      </datafield>
      <datafield tag="020" ind1=" " ind2=" ">
         <subfield code="a">9781443879538</subfield>
         <subfield code="q">v. 2</subfield>
         <subfield code="q">hardcover</subfield>
      </datafield>
      <datafield tag="020" ind1=" " ind2=" ">
         <subfield code="a">1443879533</subfield>
         <subfield code="q">v. 2</subfield>
         <subfield code="q">hardcover</subfield>
      </datafield>
      <datafield tag="035" ind1=" " ind2=" ">
         <subfield code="a">(OCoLC)1035358630</subfield>
      </datafield>
      <datafield tag="040" ind1=" " ind2=" ">
         <subfield code="a">HLS</subfield>
         <subfield code="b">eng</subfield>
         <subfield code="e">rda</subfield>
         <subfield code="c">HLS</subfield>
         <subfield code="d">OCLCO</subfield>
         <subfield code="d">ZYU</subfield>
      </datafield>
      <datafield tag="043" ind1=" " ind2=" ">
         <subfield code="a">a-tu---</subfield>
      </datafield>
      <datafield tag="050" ind1=" " ind2="4">
         <subfield code="a">DS155</subfield>
         <subfield code="b">.A73 2015</subfield>
      </datafield>
      <datafield tag="079" ind1=" " ind2=" ">
         <subfield code="a">(OCoLC)1035358630</subfield>
      </datafield>
      <datafield tag="082" ind1="0" ind2="4">
         <subfield code="a">939.2</subfield>
         <subfield code="2">23</subfield>
      </datafield>
      <datafield tag="245" ind1="0" ind2="4">
         <subfield code="a">The archaeology of Anatolia :</subfield>
         <subfield code="b">recent discoveries /</subfield>
         <subfield code="c">edited by Sharon R. Steadman and Gregory McMahon.</subfield>
      </datafield>
      <datafield tag="264" ind1=" " ind2="1">
         <subfield code="a">Newcastle upon Tyne, UK :</subfield>
         <subfield code="b">Cambridge Scholars Publishing,</subfield>
         <subfield code="c">2015-</subfield>
      </datafield>
      <datafield tag="300" ind1=" " ind2=" ">
         <subfield code="a">volumes :</subfield>
         <subfield code="b">illustrations, maps, plans ;</subfield>
         <subfield code="c">22 cm</subfield>
      </datafield>
      <datafield tag="336" ind1=" " ind2=" ">
         <subfield code="a">text</subfield>
         <subfield code="b">txt</subfield>
         <subfield code="2">rdacontent</subfield>
      </datafield>
      <datafield tag="337" ind1=" " ind2=" ">
         <subfield code="a">unmediated</subfield>
         <subfield code="b">n</subfield>
         <subfield code="2">rdamedia</subfield>
      </datafield>
      <datafield tag="338" ind1=" " ind2=" ">
         <subfield code="a">volume</subfield>
         <subfield code="b">nc</subfield>
         <subfield code="2">rdacarrier</subfield>
      </datafield>
      <datafield tag="504" ind1=" " ind2=" ">
         <subfield code="a">Includes bibliographical references and index.</subfield>
      </datafield>
      <datafield tag="505" ind1="1" ind2="0">
         <subfield code="g">Volume 1 (2011-2014).</subfield>
         <subfield code="t">A new perspective on the Central Anatolian Late Neolithic :</subfield>
         <subfield code="t">the TPC area excavations at Çatal Höyük East /</subfield>
         <subfield code="r">Arkadiusz Marciniak --</subfield>
         <subfield code="t">Barcın Höyük excavations :</subfield>
         <subfield code="t">the 2014 season in perspective /</subfield>
         <subfield code="r">Rana Özbal and Fokke Gerritsen --</subfield>
         <subfield code="t">Camlıbel Tarlası :</subfield>
         <subfield code="t">Late Chalcolithic settlement and economy in the Budaközü Valley (North-Central Anatolia) /</subfield>
         <subfield code="r">Ulf-Dietrich Schoop --</subfield>
         <subfield code="t">Recent work (2013-2014) at Çadır Höyük on the North Central Anatolian Plateau /</subfield>
         <subfield code="r">Sharon R. Steadmand and Gregory McMahon --</subfield>
         <subfield code="t">Kınık Höyük, Niğde :</subfield>
         <subfield code="t">a new archaeological project in southern Cappadocia /</subfield>
         <subfield code="r">Nancy Highcock, Pam Crabtree, Douglas V. Campana, Marco Capardoni, Anna Lanaro, Alvise Matessi, Naomi F. Miller, Philip Strosahal, Andrea Trameri, and Lorenzo d'Alfonso --</subfield>
         <subfield code="t">The Ziyaret Tepe archaeological expedition, 1997-2014 :</subfield>
         <subfield code="t">overview and recent discoveries /</subfield>
         <subfield code="r">Timothy Matney --</subfield>
         <subfield code="t">Research at Uşaklı Höyük (Central Anatolian Plateau) /</subfield>
         <subfield code="r">Stefania Mazzoni and Anacleto D'Agostino --</subfield>
         <subfield code="t">Recent fieldwork at Gordion /</subfield>
         <subfield code="r">C. Brian Rose --</subfield>
         <subfield code="t">Antiochia ad Cragum in Western Rough Cilicia /</subfield>
         <subfield code="r">Michael Hoff, Rhys Townsend, Ece Erdoğmus, Birol Can, and Timothy Howe --</subfield>
         <subfield code="t">Lower Göksu archaeological salvage survey project :</subfield>
         <subfield code="t">the results of the 2013 and 2014 seasons /</subfield>
         <subfield code="r">T. Emre Şerifoğlu, Naoíse Mac Sweeney, and Carlo Colantoni --</subfield>
         <subfield code="t">Landscape, politics, and water in the Hittite borderlands :</subfield>
         <subfield code="t">Yalburt Yaylası archaeological landscape research project 2010-2014 /</subfield>
         <subfield code="r">Peri Johnson and Ömür Harmanşah --</subfield>
         <subfield code="t">The Burdur Plain survey (SW Turkey) :</subfield>
         <subfield code="t">in search of the Middle Chalcolithic (5500-5200 BCE) /</subfield>
         <subfield code="r">Ralf Vandam --</subfield>
         <subfield code="t">Sinop regional archaeological project :</subfield>
         <subfield code="t">report on the 2010-2012 field seasons /</subfield>
         <subfield code="r">Owen Doonan, Alexander Bauer, E. Susan Sherratt, Aksel Casson, James Feathers, Matthew Conrad, Mark Besonen, Emre Evren, Krzystof Domzalski, and Anna Smokotina --</subfield>
         <subfield code="t">Euchaïta /</subfield>
         <subfield code="r">John Haldon, Hugh Elton, and James Newhard. --</subfield>
         <subfield code="g">Volume 2 (2015-2016).$</subfield>
      </datafield>
      <datafield tag="520" ind1=" " ind2=" ">
         <subfield code="a">This volume brings together the latest reports on archaeological projects, including excavation and survey, from all periods and every region of Anatolia.</subfield>
      </datafield>
      <datafield tag="651" ind1=" " ind2="0">
         <subfield code="a">Turkey</subfield>
         <subfield code="x">Antiquities.</subfield>
      </datafield>
      <datafield tag="650" ind1=" " ind2="0">
         <subfield code="a">Excavations (Archaeology)</subfield>
         <subfield code="z">Turkey.</subfield>
      </datafield>
      <datafield tag="651" ind1=" " ind2="7">
         <subfield code="a">Asia Minor.</subfield>
         <subfield code="2">pleiades</subfield>
         <subfield code="0">https://pleiades.stoa.org/places/837</subfield>
      </datafield>
      <datafield tag="650" ind1=" " ind2="7">
         <subfield code="a">Antiquities.</subfield>
         <subfield code="2">fast</subfield>
         <subfield code="0">(OCoLC)fst00810745</subfield>
      </datafield>
      <datafield tag="650" ind1=" " ind2="7">
         <subfield code="a">Excavations (Archaeology)</subfield>
         <subfield code="2">fast</subfield>
         <subfield code="0">(OCoLC)fst00917564</subfield>
      </datafield>
      <datafield tag="651" ind1=" " ind2="7">
         <subfield code="a">Turkey.</subfield>
         <subfield code="2">fast</subfield>
         <subfield code="0">(OCoLC)fst01208963</subfield>
      </datafield>
      <datafield tag="700" ind1="1" ind2=" ">
         <subfield code="a">D'Alfonso, Lorenzo,</subfield>
         <subfield code="e">contributor.</subfield>
         <subfield code="5">NyNyUAW</subfield>
      </datafield>
      <datafield tag="700" ind1="1" ind2=" ">
         <subfield code="a">Steadman, Sharon R.,</subfield>
         <subfield code="e">editor.</subfield>
      </datafield>
      <datafield tag="700" ind1="1" ind2=" ">
         <subfield code="a">McMahon, John Gregory,</subfield>
         <subfield code="d">1953-</subfield>
         <subfield code="e">editor.</subfield>
      </datafield>
      <datafield tag="994" ind1=" " ind2=" ">
         <subfield code="a">Z0</subfield>
         <subfield code="b">ZYU</subfield>
      </datafield>
      <datafield tag="OWN" ind1=" " ind2=" ">
         <subfield code="a">GENERAL</subfield>
      </datafield>
      <datafield tag="AVA" ind1=" " ind2=" ">
         <subfield code="a">NYU50</subfield>
         <subfield code="b">NISAW</subfield>
         <subfield code="c">Small Collection</subfield>
         <subfield code="d">DS155 .A73 Non-circulating</subfield>
         <subfield code="e">available</subfield>
         <subfield code="t">Available</subfield>
         <subfield code="f">2</subfield>
         <subfield code="g">0</subfield>
         <subfield code="h">Y</subfield>
         <subfield code="i">0</subfield>
         <subfield code="j">SMALL</subfield>
         <subfield code="k">0</subfield>
      </datafield>
      <marc:datafield tag="852" ind1=" " ind2=" ">
         <marc:subfield code="b">Institute for the Study of the Ancient World, </marc:subfield>
         <marc:subfield code="c">Small Collection</marc:subfield>
         <marc:subfield code="e">15 East 84th St., </marc:subfield>
         <marc:subfield code="e">New York, NY  10028</marc:subfield>
      </marc:datafield>
   </record>