
  
  
  
  
  
  
  
  
  
  
  
  
  
 
  
  <record xsi:schemaLocation="http://www.loc.gov/MARC21/slim http://www.loc.gov/standards/marcxml/schema/MARC21slim.xsd">
      <leader>00000cam a22      i 4500</leader>
      <controlfield tag="FMT">BK</controlfield>
      <controlfield tag="LDR">00000cam a22      i 4500</controlfield>
      <controlfield tag="001">006345112</controlfield>
      <controlfield tag="005">20181022111650.0</controlfield>
      <controlfield tag="008">171127s2018    enkab    b    001 0 eng c</controlfield>
      <datafield tag="010" ind1=" " ind2=" ">
         <subfield code="a">  2017032470</subfield>
      </datafield>
      <datafield tag="020" ind1=" " ind2=" ">
         <subfield code="a">9781107094345</subfield>
         <subfield code="q">(hardback ;</subfield>
         <subfield code="q">alk. paper)</subfield>
      </datafield>
      <datafield tag="020" ind1=" " ind2=" ">
         <subfield code="a">1107094348</subfield>
         <subfield code="q">(hardback ;</subfield>
         <subfield code="q">alk. paper)</subfield>
      </datafield>
      <datafield tag="035" ind1=" " ind2=" ">
         <subfield code="a">(OCoLC)1037884134</subfield>
         <subfield code="z">(OCoLC)1004728394</subfield>
         <subfield code="z">(OCoLC)1038287949</subfield>
      </datafield>
      <datafield tag="040" ind1=" " ind2=" ">
         <subfield code="a">LBSOR/DLC</subfield>
         <subfield code="b">eng</subfield>
         <subfield code="e">rda</subfield>
         <subfield code="c">DLC</subfield>
         <subfield code="d">YDX</subfield>
         <subfield code="d">EUM</subfield>
         <subfield code="d">OCLCF</subfield>
         <subfield code="d">VA@</subfield>
         <subfield code="d">XFF</subfield>
         <subfield code="d">YDX</subfield>
         <subfield code="d">INU</subfield>
         <subfield code="d">GZM</subfield>
         <subfield code="d">DDO</subfield>
      </datafield>
      <datafield tag="042" ind1=" " ind2=" ">
         <subfield code="a">pcc</subfield>
      </datafield>
      <datafield tag="043" ind1=" " ind2=" ">
         <subfield code="a">me-----</subfield>
         <subfield code="a">aw-----</subfield>
         <subfield code="a">e------</subfield>
         <subfield code="a">ff-----</subfield>
         <subfield code="a">a-cc---</subfield>
      </datafield>
      <datafield tag="050" ind1="0" ind2="0">
         <subfield code="a">D22</subfield>
         <subfield code="b">.E66 2018</subfield>
      </datafield>
      <datafield tag="079" ind1=" " ind2=" ">
         <subfield code="a">(OCoLC)1037884134</subfield>
      </datafield>
      <datafield tag="082" ind1="0" ind2="0">
         <subfield code="a">930/.5</subfield>
         <subfield code="2">23</subfield>
      </datafield>
      <datafield tag="245" ind1="0" ind2="0">
         <subfield code="a">Empires and exchanges in Eurasian late antiquity :</subfield>
         <subfield code="b">Rome, China, Iran, and the steppe, ca. 250-750 /</subfield>
         <subfield code="c">edited by Nicola Di Cosmo, Institute for Advanced Study, Princeton, Michael Maas, Rice University.</subfield>
      </datafield>
      <datafield tag="264" ind1=" " ind2="1">
         <subfield code="a">Cambridge, United Kingdom ;</subfield>
         <subfield code="a">New York, NY, USA :</subfield>
         <subfield code="b">Cambridge University Press,</subfield>
         <subfield code="c">2018.</subfield>
      </datafield>
      <datafield tag="300" ind1=" " ind2=" ">
         <subfield code="a">xxxvii, 504 pages ;</subfield>
         <subfield code="b">illustrations, maps ;</subfield>
         <subfield code="c">27 cm</subfield>
      </datafield>
      <datafield tag="336" ind1=" " ind2=" ">
         <subfield code="a">text</subfield>
         <subfield code="b">txt</subfield>
         <subfield code="2">rdacontent</subfield>
      </datafield>
      <datafield tag="337" ind1=" " ind2=" ">
         <subfield code="a">unmediated</subfield>
         <subfield code="b">n</subfield>
         <subfield code="2">rdamedia</subfield>
      </datafield>
      <datafield tag="338" ind1=" " ind2=" ">
         <subfield code="a">volume</subfield>
         <subfield code="b">nc</subfield>
         <subfield code="2">rdacarrier</subfield>
      </datafield>
      <datafield tag="520" ind1=" " ind2=" ">
         <subfield code="a">"The second phase of Roman-steppe relations began during the latter part of the fourth century, when Hunnic groups entered the western steppes, and lasted through the early sixth century. This 'Age of Attila' saw major shifts throughout Western Eurasia. Several decades after the battle of Adrianople, Huns moved into Europe and became unified early in the fifth century with a center of power in the Hungarian plain"--</subfield>
         <subfield code="c">Provided by publisher.</subfield>
      </datafield>
      <datafield tag="504" ind1=" " ind2=" ">
         <subfield code="a">Includes bibliographical references and index.</subfield>
      </datafield>
      <datafield tag="505" ind1="0" ind2=" ">
         <subfield code="a">Introduction / Nicola Di Cosmo and Michael Maas -- part 1. Historical thresholds. How the steppes became Byzantine : Rome and the Eurasian nomads in historical perspective / Michael Maas -- The relations between China and the steppe from the Xiongnu to the Turk Empire / Nicola Di Cosmo -- Sasanian Iran and the projection of power in late antique Eurasia : competing cosmologies and topographies of power / Matthew P. Canepa -- Trade and exchanges along the Silk and steppe routes in late antique Eurasia / Richard Lim -- Sogdian merchants and Sogdian culture on the Silk Road / Rong Xinjiang -- "Charismatic" goods : commerce, diplomacy, and cultural contacts along the Silk Road in late antiquity / Peter Brown -- The synthesis of the Tang Dynasty : the culmination of China's contacts and communication with Eurasia, 310-755 / Valerie Hansen -- Central Asia in the late Roman mental map, second to sixth centuries / Giusto Traina -- part 2. Movements, contacts, and exchanges. Genetic history and migrations in western Eurasia, 500-1000 / Patrick J. Geary -- Northern invaders : migration and conquest as scholarly topoi in Eurasian history / Michael KulikowsKi -- Chinese and inner Asian perspectives on the history of the Northern Dynasties (386-589) in Chinese historiography / Luo Xin -- Xiongnu and Huns : archaeological perspectives on a centuries-old debate about identity and migration / Ursula B. Brosseder -- Ethnicity and empire in the western Eurasian steppes / Walter Pohl -- The languages of Christianity on the Silk Roads and the transmission of Mediterranean culture into Central Asia / Scott Fitzgerald Johnson -- The spread of Buddhist culture to China between the third and seventh centuries / Max Deeg -- The circulation of astrological lore and its political use between the Roman East, Sasanian Iran, Central Asia, India, and the Turks / Frantz Grenet -- Luminous markers : pearls and royal authority in late antique Iran and Eurasia / Joel Walker --</subfield>
      </datafield>
      <datafield tag="505" ind1="0" ind2=" ">
         <subfield code="a">part 3. Empires, diplomacy, and frontiers. Byzantium's Eurasian policy in the age of the Turk Empire / Mark Whittow -- Sasanian Iran and Its northeastern frontier : offense, defense, and diplomatic entente / Daniel T. Potts -- Infrastructures of legitimacy in inner Asia : the early Turk empires / Michael R. Drompp -- The stateless nomads of central Eurasia / Peter B. Golden -- Aspects of elite representation among the sixth- to seventh-century Turks / Soren Stark -- Patterns of Roman diplomacy with Iran and the steppe peoples / Ekaterina Nechaeva -- Collapse of a Eurasian hybrid : the case of the Northern Wei / Andrew Eisenberg -- Ideological interweaving in eastern Eurasia : simultaneous kingship and dynastic competition, 580-755 / Jonathan Karam Skaff -- Followers and leaders in northeastern Eurasia, ca. seventh to tenth centuries / Naomi Standen -- Epilogue / Averil Cameron.</subfield>
      </datafield>
      <datafield tag="651" ind1=" " ind2="0">
         <subfield code="a">Eurasia</subfield>
         <subfield code="x">History</subfield>
         <subfield code="y">To 1500.</subfield>
      </datafield>
      <datafield tag="650" ind1=" " ind2="0">
         <subfield code="a">Intercultural communication</subfield>
         <subfield code="z">Eurasia</subfield>
         <subfield code="x">History</subfield>
         <subfield code="y">To 1500.</subfield>
      </datafield>
      <datafield tag="650" ind1=" " ind2="0">
         <subfield code="a">Commerce</subfield>
         <subfield code="x">History</subfield>
         <subfield code="y">To 1500.</subfield>
      </datafield>
      <datafield tag="651" ind1=" " ind2="0">
         <subfield code="a">Middle East</subfield>
         <subfield code="x">History</subfield>
         <subfield code="y">To 622.</subfield>
      </datafield>
      <datafield tag="651" ind1=" " ind2="0">
         <subfield code="a">Rome</subfield>
         <subfield code="x">History</subfield>
         <subfield code="y">Empire, 30 B.C.-476 A.D.</subfield>
      </datafield>
      <datafield tag="651" ind1=" " ind2="0">
         <subfield code="a">China</subfield>
         <subfield code="x">History</subfield>
         <subfield code="y">221 B.C.-960 A.D.</subfield>
      </datafield>
      <datafield tag="650" ind1=" " ind2="7">
         <subfield code="a">Commerce.</subfield>
         <subfield code="2">fast</subfield>
         <subfield code="0">(OCoLC)fst00869279</subfield>
      </datafield>
      <datafield tag="650" ind1=" " ind2="7">
         <subfield code="a">Intercultural communication.</subfield>
         <subfield code="2">fast</subfield>
         <subfield code="0">(OCoLC)fst00976084</subfield>
      </datafield>
      <datafield tag="651" ind1=" " ind2="7">
         <subfield code="a">Eurasia.</subfield>
         <subfield code="2">fast</subfield>
         <subfield code="0">(OCoLC)fst01245058</subfield>
      </datafield>
      <datafield tag="651" ind1=" " ind2="7">
         <subfield code="a">China.</subfield>
         <subfield code="2">fast</subfield>
         <subfield code="0">(OCoLC)fst01206073</subfield>
      </datafield>
      <datafield tag="651" ind1=" " ind2="7">
         <subfield code="a">Middle East.</subfield>
         <subfield code="2">fast</subfield>
         <subfield code="0">(OCoLC)fst01241586</subfield>
      </datafield>
      <datafield tag="651" ind1=" " ind2="7">
         <subfield code="a">Rome (Empire)</subfield>
         <subfield code="2">fast</subfield>
         <subfield code="0">(OCoLC)fst01204885</subfield>
      </datafield>
      <datafield tag="648" ind1=" " ind2="7">
         <subfield code="a">To 1500</subfield>
         <subfield code="2">fast</subfield>
      </datafield>
      <datafield tag="655" ind1=" " ind2="7">
         <subfield code="a">History.</subfield>
         <subfield code="2">fast</subfield>
         <subfield code="0">(OCoLC)fst01411628</subfield>
      </datafield>
      <datafield tag="700" ind1="1" ind2=" ">
         <subfield code="a">Di Cosmo, Nicola,</subfield>
         <subfield code="d">1957-</subfield>
         <subfield code="e">editor.</subfield>
      </datafield>
      <datafield tag="700" ind1="1" ind2=" ">
         <subfield code="a">Maas, Michael,</subfield>
         <subfield code="d">1951-</subfield>
         <subfield code="e">editor.</subfield>
      </datafield>
      <datafield tag="994" ind1=" " ind2=" ">
         <subfield code="a">Z0</subfield>
         <subfield code="b">ZYU</subfield>
      </datafield>
      <datafield tag="OWN" ind1=" " ind2=" ">
         <subfield code="a">GENERAL</subfield>
      </datafield>
      <datafield tag="AVA" ind1=" " ind2=" ">
         <subfield code="a">NYU50</subfield>
         <subfield code="b">NIFA</subfield>
         <subfield code="c">Main Collection</subfield>
         <subfield code="d">D22 .E66 2018 Non-circulating</subfield>
         <subfield code="e">available</subfield>
         <subfield code="t">Available</subfield>
         <subfield code="f">1</subfield>
         <subfield code="g">0</subfield>
         <subfield code="h">N</subfield>
         <subfield code="i">0</subfield>
         <subfield code="j">MAIN</subfield>
         <subfield code="k">0</subfield>
      </datafield>
      <datafield tag="AVA" ind1=" " ind2=" ">
         <subfield code="a">NYU50</subfield>
         <subfield code="b">NISAW</subfield>
         <subfield code="c">Small Collection</subfield>
         <subfield code="d">D22 .E66 2018 Non-circulating</subfield>
         <subfield code="e">available</subfield>
         <subfield code="t">Available</subfield>
         <subfield code="f">1</subfield>
         <subfield code="g">0</subfield>
         <subfield code="h">N</subfield>
         <subfield code="i">0</subfield>
         <subfield code="j">SMALL</subfield>
         <subfield code="k">0</subfield>
      </datafield>
      <marc:datafield tag="852" ind1=" " ind2=" ">
         <marc:subfield code="b">Institute for the Study of the Ancient World, </marc:subfield>
         <marc:subfield code="c">Small Collection</marc:subfield>
         <marc:subfield code="e">15 East 84th St., </marc:subfield>
         <marc:subfield code="e">New York, NY  10028</marc:subfield>
      </marc:datafield>
   </record>