
  
  
  
  
  
  
  
  
  
  
  
  
  
 
  
  <record xsi:schemaLocation="http://www.loc.gov/MARC21/slim http://www.loc.gov/standards/marcxml/schema/MARC21slim.xsd">
      <leader>00000cam a22      i 4500</leader>
      <controlfield tag="FMT">BK</controlfield>
      <controlfield tag="LDR">00000cam a22      i 4500</controlfield>
      <controlfield tag="001">006345969</controlfield>
      <controlfield tag="005">20181022112618.0</controlfield>
      <controlfield tag="008">181015s2017    fr abe   b    100 0 fre c</controlfield>
      <datafield tag="035" ind1=" " ind2=" ">
         <subfield code="a">(OCoLC)1032808086</subfield>
      </datafield>
      <datafield tag="040" ind1=" " ind2=" ">
         <subfield code="a">VU@</subfield>
         <subfield code="b">eng</subfield>
         <subfield code="e">rda</subfield>
         <subfield code="c">VU@</subfield>
         <subfield code="d">JPG</subfield>
         <subfield code="d">OCLCF</subfield>
         <subfield code="d">UEJ</subfield>
         <subfield code="d">NNU</subfield>
      </datafield>
      <datafield tag="041" ind1="0" ind2=" ">
         <subfield code="a">fre</subfield>
         <subfield code="a">eng</subfield>
      </datafield>
      <datafield tag="042" ind1=" " ind2=" ">
         <subfield code="a">pcc</subfield>
      </datafield>
      <datafield tag="043" ind1=" " ind2=" ">
         <subfield code="a">mm-----</subfield>
         <subfield code="a">i------</subfield>
      </datafield>
      <datafield tag="050" ind1=" " ind2="4">
         <subfield code="a">GA359</subfield>
         <subfield code="b">.M43 2017</subfield>
      </datafield>
      <datafield tag="079" ind1=" " ind2=" ">
         <subfield code="a">(OCoLC)1032808086</subfield>
      </datafield>
      <datafield tag="245" ind1="0" ind2="0">
         <subfield code="a">Méditerranée et océan Indien :</subfield>
         <subfield code="b">deux mondes en miroir /</subfield>
         <subfield code="c">édité par Didier Marcotte.</subfield>
      </datafield>
      <datafield tag="264" ind1=" " ind2="1">
         <subfield code="a">Lyon Cedex :</subfield>
         <subfield code="b">Maison de l'Orient et de la Méditerranée-Jean Pouilloux,</subfield>
         <subfield code="c">2017.</subfield>
      </datafield>
      <datafield tag="264" ind1=" " ind2="2">
         <subfield code="a">Paris :</subfield>
         <subfield code="b">De Boccard édition-diffusion</subfield>
      </datafield>
      <datafield tag="300" ind1=" " ind2=" ">
         <subfield code="a">411 pages :</subfield>
         <subfield code="b">illustrations, maps, plans ;</subfield>
         <subfield code="c">24 cm.</subfield>
      </datafield>
      <datafield tag="336" ind1=" " ind2=" ">
         <subfield code="a">text</subfield>
         <subfield code="b">txt</subfield>
         <subfield code="2">rdacontent</subfield>
      </datafield>
      <datafield tag="337" ind1=" " ind2=" ">
         <subfield code="a">unmediated</subfield>
         <subfield code="b">n</subfield>
         <subfield code="2">rdamedia</subfield>
      </datafield>
      <datafield tag="338" ind1=" " ind2=" ">
         <subfield code="a">volume</subfield>
         <subfield code="b">nc</subfield>
         <subfield code="2">rdacarrier</subfield>
      </datafield>
      <datafield tag="490" ind1="1" ind2=" ">
         <subfield code="a">Topoi. Supplément,</subfield>
         <subfield code="x">1764-0733 ;</subfield>
         <subfield code="v">15 (2017)</subfield>
      </datafield>
      <datafield tag="500" ind1=" " ind2=" ">
         <subfield code="a">Papers given at a colloquium held at Université de Reims, May 21-22, 2013.</subfield>
      </datafield>
      <datafield tag="504" ind1=" " ind2=" ">
         <subfield code="a">Includes bibliographical references.</subfield>
      </datafield>
      <datafield tag="546" ind1=" " ind2=" ">
         <subfield code="a">French or English.</subfield>
      </datafield>
      <datafield tag="505" ind1="0" ind2=" ">
         <subfield code="a">Avant-Propos. Didier Marcotte, ± Deux mers en miroir » ; Figures et circulations antiques. Francesco Prontera, ± La terre vue de la mer : de la Méditerranée à l'océan » ; Jehan Desanges, ± Bilan des recherches sur les escales gréco-romaines au long de la côte africaine de la mer Rouge et du golfe d'Aden dans le dernier quart de siècle » ; Jean-François Salles, ± La baie du Bengale dans l'Antiquité. Une voie ouverte vers l'Est » ; Federico De Romanis, ± Structural aspects of a commercial entreprise to Muziris. On SB XVIII 13167 again » ; Pierre Schneider, ± Comment naissent les perles? Échanges marchands et transferts de savoir, de l'océan Indien à la Méditerranée » ; Didier Marcotte, ± La fin de l'Indiké d'Arrien » ; Héritages et élargissements médiévaux. Patrick Gautier Dalché, ± Un débat scientifique au Moyen Âge : l'habitation de la zone torride (jusqu'au xiiie siècle) » ; Emmanuelle Vagnon, ± La cartographie occidentale de l'océan Indien au Moyen Âge et à la Renaissance : une évolution non linéaire » ; Jean-Charles Ducène, ± Savoirs lettrés arabes et persans sur l'océan Indien (ixe-xve s.) » ; Dionisius Agius, ± Sea zones : the Balkhī school's conceptual mapping of the Indian Ocean » ; Le temps des synthèses Marica Milanesi, ± Ramusio : la synthèse des savoirs sur l'océan » ; Luis Felipe Thomaz, ± L'invention de l'océan Indien » ; Jean-Louis Bacqué-Grammont, ± L'océan Indien dans les sources ottomanes » ; Dejanirah Couto, ± Contribution of Portuguese narrative sources to the history of Qal`at al-Bahrain : some information on the expeditions of 1521 and 1529 » ; Rila Mukherjee, ± Indian Ocean and the Mediterranean : one world, two seas, multiple routes? » ; Philippe Beaujard, ± L'océan Indien, un espace central du système-monde afro-eurasien avant le xvie siècle ».</subfield>
      </datafield>
      <datafield tag="651" ind1=" " ind2="0">
         <subfield code="a">Mediterranean Region</subfield>
         <subfield code="x">History</subfield>
         <subfield code="v">Congresses.</subfield>
      </datafield>
      <datafield tag="651" ind1=" " ind2="0">
         <subfield code="a">Indian Ocean Region</subfield>
         <subfield code="x">History</subfield>
         <subfield code="v">Congresses.</subfield>
      </datafield>
      <datafield tag="651" ind1=" " ind2="0">
         <subfield code="a">Mediterranean Region</subfield>
         <subfield code="x">Navigation</subfield>
         <subfield code="v">Congresses.</subfield>
      </datafield>
      <datafield tag="651" ind1=" " ind2="0">
         <subfield code="a">Indian Ocean Region</subfield>
         <subfield code="x">Navigation</subfield>
         <subfield code="v">Congresses.</subfield>
      </datafield>
      <datafield tag="650" ind1=" " ind2="0">
         <subfield code="a">Cartography</subfield>
         <subfield code="z">Mediterranean Region</subfield>
         <subfield code="v">Congresses.</subfield>
      </datafield>
      <datafield tag="650" ind1=" " ind2="0">
         <subfield code="a">Cartography</subfield>
         <subfield code="z">Indian Ocean Region</subfield>
         <subfield code="v">Congresses.</subfield>
      </datafield>
      <datafield tag="651" ind1=" " ind2="7">
         <subfield code="a">Indicum Mare.</subfield>
         <subfield code="2">pleiades</subfield>
         <subfield code="0">https://pleiades.stoa.org/places/39352</subfield>
         <subfield code="5">NyNyUAW</subfield>
      </datafield>
      <datafield tag="650" ind1=" " ind2="7">
         <subfield code="a">Cartography.</subfield>
         <subfield code="2">fast</subfield>
         <subfield code="0">(OCoLC)fst00848025</subfield>
      </datafield>
      <datafield tag="650" ind1=" " ind2="7">
         <subfield code="a">Navigation.</subfield>
         <subfield code="2">fast</subfield>
         <subfield code="0">(OCoLC)fst01035085</subfield>
      </datafield>
      <datafield tag="651" ind1=" " ind2="7">
         <subfield code="a">Indian Ocean Region.</subfield>
         <subfield code="2">fast</subfield>
         <subfield code="0">(OCoLC)fst01243380</subfield>
      </datafield>
      <datafield tag="651" ind1=" " ind2="7">
         <subfield code="a">Mediterranean Region.</subfield>
         <subfield code="2">fast</subfield>
         <subfield code="0">(OCoLC)fst01239752</subfield>
      </datafield>
      <datafield tag="655" ind1=" " ind2="7">
         <subfield code="a">Conference papers and proceedings.</subfield>
         <subfield code="2">fast</subfield>
         <subfield code="0">(OCoLC)fst01423772</subfield>
      </datafield>
      <datafield tag="655" ind1=" " ind2="7">
         <subfield code="a">History.</subfield>
         <subfield code="2">fast</subfield>
         <subfield code="0">(OCoLC)fst01411628</subfield>
      </datafield>
      <datafield tag="700" ind1="1" ind2=" ">
         <subfield code="a">Marcotte, Didier,</subfield>
         <subfield code="e">editor.</subfield>
      </datafield>
      <datafield tag="830" ind1=" " ind2="0">
         <subfield code="a">Topoi orient-occident.</subfield>
         <subfield code="p">Supplément ;</subfield>
         <subfield code="v">15.</subfield>
         <subfield code="x">1764-0733</subfield>
      </datafield>
      <datafield tag="OWN" ind1=" " ind2=" ">
         <subfield code="a">GENERAL</subfield>
      </datafield>
      <datafield tag="AVA" ind1=" " ind2=" ">
         <subfield code="a">NYU50</subfield>
         <subfield code="b">NISAW</subfield>
         <subfield code="c">Small Collection</subfield>
         <subfield code="d">GA359 .M43 2017 Non-circulating</subfield>
         <subfield code="e">unavailable</subfield>
         <subfield code="t">Unavailable</subfield>
         <subfield code="f">1</subfield>
         <subfield code="g">1</subfield>
         <subfield code="h">N</subfield>
         <subfield code="i">0</subfield>
         <subfield code="j">SMALL</subfield>
         <subfield code="k">0</subfield>
      </datafield>
      <marc:datafield tag="852" ind1=" " ind2=" ">
         <marc:subfield code="b">Institute for the Study of the Ancient World, </marc:subfield>
         <marc:subfield code="c">Small Collection</marc:subfield>
         <marc:subfield code="e">15 East 84th St., </marc:subfield>
         <marc:subfield code="e">New York, NY  10028</marc:subfield>
      </marc:datafield>
   </record>