
  
  
  
  
  
  
  
  
  
  
  
 
  
  <record xsi:schemaLocation="http://www.loc.gov/MARC21/slim http://www.loc.gov/standards/marcxml/schema/MARC21slim.xsd">
      <leader>00000nam a22      a 4500</leader>
      <controlfield tag="FMT">BK</controlfield>
      <controlfield tag="LDR">00000nam a22      a 4500</controlfield>
      <controlfield tag="001">003550859</controlfield>
      <controlfield tag="005">20111215110422.0</controlfield>
      <controlfield tag="008">111215q1983    it ade   b    100 0 eng d</controlfield>
      <datafield tag="040" ind1=" " ind2=" ">
         <subfield code="a">NNU</subfield>
         <subfield code="b">eng</subfield>
         <subfield code="c">NNU</subfield>
      </datafield>
      <datafield tag="041" ind1="0" ind2=" ">
         <subfield code="a">eng</subfield>
      </datafield>
      <datafield tag="050" ind1=" " ind2="4">
         <subfield code="a">CC135</subfield>
         <subfield code="b">.I495 1983</subfield>
      </datafield>
      <datafield tag="079" ind1=" " ind2=" ">
         <subfield code="a">(OCoLC)768969338</subfield>
      </datafield>
      <datafield tag="111" ind1="2" ind2=" ">
         <subfield code="a">International Centre for the Study of the Preservation and the Restoration of Cultural Property Conference on "Conservation on Archaeological Excavations"</subfield>
         <subfield code="d">(1983 :</subfield>
         <subfield code="c">Nicosia, Cyprus)</subfield>
      </datafield>
      <datafield tag="245" ind1="1" ind2="0">
         <subfield code="a">ICCROM Conference on "Conservation on Archaeological Excavations" :</subfield>
         <subfield code="b">Nicosia, Cyprus, 23-26 August 1983.</subfield>
      </datafield>
      <datafield tag="246" ind1="3" ind2="0">
         <subfield code="a">Conference on "Conservation on Archaeological Excavations"</subfield>
      </datafield>
      <datafield tag="260" ind1=" " ind2=" ">
         <subfield code="a">Rome :</subfield>
         <subfield code="b">[ICCROM,</subfield>
         <subfield code="c">1983?]</subfield>
      </datafield>
      <datafield tag="300" ind1=" " ind2=" ">
         <subfield code="a">100 p., [12] leaves of plates, [xviii] p. :</subfield>
         <subfield code="b">ill., charts, plans ;</subfield>
         <subfield code="c">30 cm.</subfield>
      </datafield>
      <datafield tag="500" ind1=" " ind2=" ">
         <subfield code="a">At head of title: International Centre for the Study of the Preservation and the Restoration of Cultural Property = Centre international d'études pour la conservation et la restauration des biens culturels.</subfield>
      </datafield>
      <datafield tag="504" ind1=" " ind2=" ">
         <subfield code="a">Includes bibliographical references.</subfield>
      </datafield>
      <datafield tag="505" ind1="0" ind2="0">
         <subfield code="t">Excavation and conservation /</subfield>
         <subfield code="r">Nicholas Stanley Price --</subfield>
         <subfield code="t">Object in the ground, object as found /</subfield>
         <subfield code="r">Gaël de Guichen --</subfield>
         <subfield code="t">First aid treatment for excavated finds /</subfield>
         <subfield code="r">Catherine Sease --</subfield>
         <subfield code="t">Storage of finds /</subfield>
         <subfield code="r">Giovanni Scichilone --</subfield>
         <subfield code="t">Site record and publication /</subfield>
         <subfield code="r">John Coles --</subfield>
         <subfield code="t">Protection and presentation of excavated structures /</subfield>
         <subfield code="r">John Stubbs --</subfield>
         <subfield code="t">Conservation of excavated intonaco, stucco and mosaics /</subfield>
         <subfield code="r">Paolo Mora --</subfield>
         <subfield code="t">Protection and conservation of excavated structures of unburnt earth (mudbrick) /</subfield>
         <subfield code="r">Alejandro Alva --</subfield>
         <subfield code="t">Planning and executing anastylosis of stone buildings /</subfield>
         <subfield code="r">Dieter Mertens --</subfield>
         <subfield code="t">Unesco 1956 recommendation on International principles applicable to archaeological excavations /</subfield>
         <subfield code="t">Unesco 1978 study of current policies concerning archaeological excavations.</subfield>
      </datafield>
      <datafield tag="500" ind1=" " ind2=" ">
         <subfield code="a">ISAW copy is from the library of Paul Åström.</subfield>
         <subfield code="5">NyNyUAW</subfield>
      </datafield>
      <datafield tag="650" ind1=" " ind2="0">
         <subfield code="a">Excavations (Archaeology)</subfield>
         <subfield code="v">Congresses.</subfield>
      </datafield>
      <datafield tag="650" ind1=" " ind2="0">
         <subfield code="a">Cultural property</subfield>
         <subfield code="x">Protection</subfield>
         <subfield code="v">Congresses.</subfield>
      </datafield>
      <datafield tag="651" ind1=" " ind2="0">
         <subfield code="a">Antiquities</subfield>
         <subfield code="x">Collection and preservation</subfield>
         <subfield code="v">Congresses.</subfield>
      </datafield>
      <datafield tag="700" ind1="1" ind2=" ">
         <subfield code="a">Åström, Paul,</subfield>
         <subfield code="e">former owner.</subfield>
         <subfield code="5">NyNyUAW</subfield>
      </datafield>
      <datafield tag="740" ind1="0" ind2=" ">
         <subfield code="a">Åström Collection.</subfield>
         <subfield code="5">NyNyUAW</subfield>
      </datafield>
      <datafield tag="OWN" ind1=" " ind2=" ">
         <subfield code="a">GENERAL</subfield>
      </datafield>
      <datafield tag="AVA" ind1=" " ind2=" ">
         <subfield code="a">NYU50</subfield>
         <subfield code="b">NISAW</subfield>
         <subfield code="c">Oversize Collection</subfield>
         <subfield code="d">CC135 .I495 1983 Non-circulating</subfield>
         <subfield code="e">available</subfield>
         <subfield code="t">Available</subfield>
         <subfield code="f">1</subfield>
         <subfield code="g">0</subfield>
         <subfield code="h">N</subfield>
         <subfield code="i">0</subfield>
         <subfield code="j">OVERZ</subfield>
         <subfield code="k">0</subfield>
      </datafield>
      <marc:datafield tag="852" ind1=" " ind2=" ">
         <marc:subfield code="b">Institute for the Study of the Ancient World, </marc:subfield>
         <marc:subfield code="c">Oversize Collection</marc:subfield>
         <marc:subfield code="e">15 East 84th St., </marc:subfield>
         <marc:subfield code="e">New York, NY  10028</marc:subfield>
      </marc:datafield>
   </record>