
  
  
  
  
  
  
  
  
  
  
 
  
  <record xsi:schemaLocation="http://www.loc.gov/MARC21/slim http://www.loc.gov/standards/marcxml/schema/MARC21slim.xsd">
      <leader>00000cam a2200469Ia 4500</leader>
      <controlfield tag="FMT">BK</controlfield>
      <controlfield tag="LDR">00000cam a2200469Ia 4500</controlfield>
      <controlfield tag="001">006358321</controlfield>
      <controlfield tag="003">OCoLC</controlfield>
      <controlfield tag="005">20181026142747.0</controlfield>
      <controlfield tag="008">051115s2005    ua a     b    001 m fre d</controlfield>
      <datafield tag="020" ind1=" " ind2=" ">
         <subfield code="a">2724704126</subfield>
         <subfield code="q">(pbk.)</subfield>
      </datafield>
      <datafield tag="020" ind1=" " ind2=" ">
         <subfield code="a">9782724704129</subfield>
         <subfield code="q">(pbk.)</subfield>
      </datafield>
      <datafield tag="035" ind1=" " ind2=" ">
         <subfield code="a">(OCoLC)62362291</subfield>
      </datafield>
      <datafield tag="040" ind1=" " ind2=" ">
         <subfield code="a">EQO</subfield>
         <subfield code="b">eng</subfield>
         <subfield code="c">EQO</subfield>
         <subfield code="d">TZT</subfield>
         <subfield code="d">NDD</subfield>
         <subfield code="d">WAU</subfield>
         <subfield code="d">OCLCQ</subfield>
         <subfield code="d">LEAUB</subfield>
         <subfield code="d">OCLCQ</subfield>
         <subfield code="d">OCLCO</subfield>
         <subfield code="d">OCLCQ</subfield>
         <subfield code="d">S3O</subfield>
         <subfield code="d">OCLCQ</subfield>
         <subfield code="d">OCLCF</subfield>
         <subfield code="d">ZYU</subfield>
      </datafield>
      <datafield tag="043" ind1=" " ind2=" ">
         <subfield code="a">f-ua---</subfield>
      </datafield>
      <datafield tag="050" ind1=" " ind2="4">
         <subfield code="a">DT73.A8</subfield>
         <subfield code="b">T45 2005</subfield>
      </datafield>
      <datafield tag="079" ind1=" " ind2=" ">
         <subfield code="a">(OCoLC)62362291</subfield>
      </datafield>
      <datafield tag="082" ind1="0" ind2="4">
         <subfield code="a">913.32</subfield>
         <subfield code="2">20</subfield>
      </datafield>
      <datafield tag="100" ind1="1" ind2=" ">
         <subfield code="a">Thiers, Christophe.</subfield>
      </datafield>
      <datafield tag="245" ind1="1" ind2="0">
         <subfield code="a">Ermant I :</subfield>
         <subfield code="b">les cryptes du temple ptolémaïque : étude épigraphique /</subfield>
         <subfield code="c">Christophe Thiers, Youri Volokhine.</subfield>
      </datafield>
      <datafield tag="260" ind1=" " ind2=" ">
         <subfield code="a">Le Caire :</subfield>
         <subfield code="b">Institut français d'archéologie orientale,</subfield>
         <subfield code="c">2005.</subfield>
      </datafield>
      <datafield tag="300" ind1=" " ind2=" ">
         <subfield code="a">x, 120 pages :</subfield>
         <subfield code="b">illustrations ;</subfield>
         <subfield code="c">35 cm.</subfield>
      </datafield>
      <datafield tag="336" ind1=" " ind2=" ">
         <subfield code="a">text</subfield>
         <subfield code="b">txt</subfield>
         <subfield code="2">rdacontent</subfield>
      </datafield>
      <datafield tag="337" ind1=" " ind2=" ">
         <subfield code="a">unmediated</subfield>
         <subfield code="b">n</subfield>
         <subfield code="2">rdamedia</subfield>
      </datafield>
      <datafield tag="338" ind1=" " ind2=" ">
         <subfield code="a">volume</subfield>
         <subfield code="b">nc</subfield>
         <subfield code="2">rdacarrier</subfield>
      </datafield>
      <datafield tag="490" ind1="1" ind2=" ">
         <subfield code="a">MIFAO,</subfield>
         <subfield code="x">0257-411X ;</subfield>
         <subfield code="v">124</subfield>
      </datafield>
      <datafield tag="500" ind1=" " ind2=" ">
         <subfield code="a">"Il porte les cartouches de Ptolémée Néos Dionysos Aulète ..."--Page 10.</subfield>
      </datafield>
      <datafield tag="504" ind1=" " ind2=" ">
         <subfield code="a">Includes bibliographical references (pages 111-120) and indexes.</subfield>
      </datafield>
      <datafield tag="600" ind1="0" ind2="0">
         <subfield code="a">Ptolemy</subfield>
         <subfield code="b">XII Auletes,</subfield>
         <subfield code="c">King of Egypt,</subfield>
         <subfield code="d">approximately 112 B.C.-51 B.C.</subfield>
         <subfield code="x">Tomb.</subfield>
      </datafield>
      <datafield tag="650" ind1=" " ind2="0">
         <subfield code="a">Tombs</subfield>
         <subfield code="z">Egypt</subfield>
         <subfield code="z">Armant</subfield>
         <subfield code="v">Pictorial works.</subfield>
      </datafield>
      <datafield tag="651" ind1=" " ind2="0">
         <subfield code="a">Armant (Egypt)</subfield>
         <subfield code="x">Antiquities.</subfield>
      </datafield>
      <datafield tag="650" ind1=" " ind2="0">
         <subfield code="a">Inscriptions, Hieroglyphic.</subfield>
      </datafield>
      <datafield tag="650" ind1=" " ind2="0">
         <subfield code="a">Egyptian language</subfield>
         <subfield code="v">Texts.</subfield>
      </datafield>
      <datafield tag="651" ind1=" " ind2="7">
         <subfield code="a">Hermonthis.</subfield>
         <subfield code="2">pleiades</subfield>
         <subfield code="0">https://pleiades.stoa.org/places/786036</subfield>
      </datafield>
      <datafield tag="650" ind1=" " ind2="7">
         <subfield code="a">Gravar</subfield>
         <subfield code="z">Egypten</subfield>
         <subfield code="z">Hermonthis</subfield>
         <subfield code="y">forntiden.</subfield>
         <subfield code="2">sao</subfield>
      </datafield>
      <datafield tag="700" ind1="1" ind2=" ">
         <subfield code="a">Volokhine, Youri.</subfield>
      </datafield>
      <datafield tag="776" ind1="0" ind2="8">
         <subfield code="i">Online version:</subfield>
         <subfield code="a">Thiers, Christophe.</subfield>
         <subfield code="t">Ermant I.</subfield>
         <subfield code="d">Le Caire : Institut français d'archéologie orientale, 2005</subfield>
         <subfield code="w">(OCoLC)989727830</subfield>
      </datafield>
      <datafield tag="830" ind1=" " ind2="0">
         <subfield code="a">Mémoires publiés par les membres de l'Institut français d'archéologie orientale du Caire ;</subfield>
         <subfield code="v">t. 124.</subfield>
      </datafield>
      <datafield tag="OWN" ind1=" " ind2=" ">
         <subfield code="a">GENERAL</subfield>
      </datafield>
      <datafield tag="AVA" ind1=" " ind2=" ">
         <subfield code="a">NYU50</subfield>
         <subfield code="b">NISAW</subfield>
         <subfield code="c">Oversize Collection</subfield>
         <subfield code="d">DT57.F8 t.124 2005 Non-circulating</subfield>
         <subfield code="e">available</subfield>
         <subfield code="t">Available</subfield>
         <subfield code="f">1</subfield>
         <subfield code="g">0</subfield>
         <subfield code="h">N</subfield>
         <subfield code="i">0</subfield>
         <subfield code="j">OVERZ</subfield>
         <subfield code="k">0</subfield>
      </datafield>
      <marc:datafield tag="852" ind1=" " ind2=" ">
         <marc:subfield code="b">Institute for the Study of the Ancient World, </marc:subfield>
         <marc:subfield code="c">Oversize Collection</marc:subfield>
         <marc:subfield code="e">15 East 84th St., </marc:subfield>
         <marc:subfield code="e">New York, NY  10028</marc:subfield>
      </marc:datafield>
   </record>