
  
  
  
  
  
  
  
  
  
  
  
 
  
  <record xsi:schemaLocation="http://www.loc.gov/MARC21/slim http://www.loc.gov/standards/marcxml/schema/MARC21slim.xsd">
      <leader>00000cam a2200529 a 4500</leader>
      <controlfield tag="FMT">BK</controlfield>
      <controlfield tag="LDR">00000cam a2200529 a 4500</controlfield>
      <controlfield tag="001">002615442</controlfield>
      <controlfield tag="003">OCoLC</controlfield>
      <controlfield tag="005">20181025151339.0</controlfield>
      <controlfield tag="008">811203s1982    su a          000 0 eng</controlfield>
      <datafield tag="010" ind1=" " ind2=" ">
         <subfield code="a">81021329</subfield>
      </datafield>
      <datafield tag="020" ind1=" " ind2=" ">
         <subfield code="a">0312657420</subfield>
         <subfield code="q">(St. Martin's Press)</subfield>
      </datafield>
      <datafield tag="020" ind1=" " ind2=" ">
         <subfield code="a">9780312657420</subfield>
         <subfield code="q">(St. Martin's Press)</subfield>
      </datafield>
      <datafield tag="020" ind1=" " ind2=" ">
         <subfield code="a">0709905173</subfield>
      </datafield>
      <datafield tag="020" ind1=" " ind2=" ">
         <subfield code="a">9780709905172</subfield>
      </datafield>
      <datafield tag="035" ind1=" " ind2=" ">
         <subfield code="a">(OCoLC)8034577</subfield>
      </datafield>
      <datafield tag="035" ind1="9" ind2=" ">
         <subfield code="a">NYUb10296715</subfield>
      </datafield>
      <datafield tag="035" ind1=" " ind2=" ">
         <subfield code="a">GLIS002967157</subfield>
      </datafield>
      <datafield tag="035" ind1=" " ind2=" ">
         <subfield code="a">(CStRLIN)NYUG82-B10438</subfield>
      </datafield>
      <datafield tag="040" ind1=" " ind2=" ">
         <subfield code="a">DLC</subfield>
         <subfield code="b">eng</subfield>
         <subfield code="c">DLC</subfield>
         <subfield code="d">BAKER</subfield>
         <subfield code="d">YDXCP</subfield>
         <subfield code="d">OCLCG</subfield>
         <subfield code="d">CRU</subfield>
         <subfield code="d">LGG</subfield>
         <subfield code="d">ZVM</subfield>
         <subfield code="d">BDX</subfield>
         <subfield code="d">OCLCO</subfield>
         <subfield code="d">OCLCF</subfield>
         <subfield code="d">OCLCQ</subfield>
         <subfield code="d">PAU</subfield>
         <subfield code="d">ZYU</subfield>
      </datafield>
      <datafield tag="041" ind1="0" ind2=" ">
         <subfield code="a">eng</subfield>
         <subfield code="a">ara</subfield>
      </datafield>
      <datafield tag="043" ind1=" " ind2=" ">
         <subfield code="a">a-su---</subfield>
      </datafield>
      <datafield tag="050" ind1="0" ind2="0">
         <subfield code="a">DS248.Q37</subfield>
         <subfield code="b">A57 1982</subfield>
      </datafield>
      <datafield tag="079" ind1=" " ind2=" ">
         <subfield code="a">(OCoLC)8034577</subfield>
      </datafield>
      <datafield tag="082" ind1="0" ind2="4">
         <subfield code="a">953/.8</subfield>
         <subfield code="2">19</subfield>
      </datafield>
      <datafield tag="090" ind1=" " ind2=" ">
         <subfield code="a">DS248.Q37</subfield>
         <subfield code="b">A57 1982</subfield>
         <subfield code="i">08/18/87 T</subfield>
         <subfield code="h">07/28/87 CT</subfield>
         <subfield code="h">10/05/83 T</subfield>
         <subfield code="h">06/03/82 CT</subfield>
      </datafield>
      <datafield tag="100" ind1="1" ind2=" ">
         <subfield code="6">880-01</subfield>
         <subfield code="a">Ansary, A. R.</subfield>
         <subfield code="q">(Abdul Rahman)</subfield>
      </datafield>
      <datafield tag="245" ind1="1" ind2="0">
         <subfield code="a">Qaryat al-Fau, a portrait of pre-Islamic civilisation in Saudi Arabia /</subfield>
         <subfield code="c">by A.R. al-Ansary.</subfield>
      </datafield>
      <datafield tag="246" ind1="3" ind2=" ">
         <subfield code="a">"Qaryat" al-Fāw, ṣūrah lil-ḥaḍārah al-ʻArabīyah qabla al-Islām fī al-Mamlakah al-ʻArabīyah al-Saʻūdīyah</subfield>
      </datafield>
      <datafield tag="260" ind1=" " ind2=" ">
         <subfield code="6">880-02</subfield>
         <subfield code="a">[Riyadh] :</subfield>
         <subfield code="b">University of Riyadh ;</subfield>
         <subfield code="a">New York :</subfield>
         <subfield code="b">St. Martin's Press,</subfield>
         <subfield code="c">©1982.</subfield>
      </datafield>
      <datafield tag="300" ind1=" " ind2=" ">
         <subfield code="a">147, 149 [i.e. 60] pages :</subfield>
         <subfield code="b">illustrations (some color) ;</subfield>
         <subfield code="c">34 cm</subfield>
      </datafield>
      <datafield tag="336" ind1=" " ind2=" ">
         <subfield code="a">text</subfield>
         <subfield code="b">txt</subfield>
         <subfield code="2">rdacontent</subfield>
      </datafield>
      <datafield tag="337" ind1=" " ind2=" ">
         <subfield code="a">unmediated</subfield>
         <subfield code="b">n</subfield>
         <subfield code="2">rdamedia</subfield>
      </datafield>
      <datafield tag="338" ind1=" " ind2=" ">
         <subfield code="a">volume</subfield>
         <subfield code="b">nc</subfield>
         <subfield code="2">rdacarrier</subfield>
      </datafield>
      <datafield tag="500" ind1=" " ind2=" ">
         <subfield code="a">Arabic and English.</subfield>
      </datafield>
      <datafield tag="500" ind1=" " ind2=" ">
         <subfield code="a">Title on added t.p.: "Qaryat" al-Fāw, ṣūrah lil-ḥaḍārah al-ʻArabīyah qabla al-Islām fī al-Mamlakah al-ʻArabīyah al-Saʻūdīyah.</subfield>
      </datafield>
      <datafield tag="505" ind1="0" ind2=" ">
         <subfield code="a">Foreword -- Preface -- Qaryat al-Fau: its location, mentions in historical sources, and importance -- The archaeological remains of Qaryat al-Fau -- 1. Architecture -- The suq -- The palace -- The temple -- The tombs -- The residential area -- 2. Pottery and stone implements -- 3. Glass, jewellery and coins -- 4. Metalwork -- 5. Woods, bones, and textiles -- 6. Statues -- 7. Wall paintings and pictures -- 8. Inscriptions -- Photographic references.</subfield>
      </datafield>
      <datafield tag="504" ind1=" " ind2=" ">
         <subfield code="a">Includes bibliographical references.</subfield>
      </datafield>
      <datafield tag="546" ind1=" " ind2=" ">
         <subfield code="a">English and Arabic.</subfield>
      </datafield>
      <datafield tag="651" ind1=" " ind2="0">
         <subfield code="a">Qaryat al-Fāu Site (Saudi Arabia)</subfield>
      </datafield>
      <datafield tag="650" ind1=" " ind2="0">
         <subfield code="a">Excavations (Archaeology)</subfield>
         <subfield code="z">Saudi Arabia</subfield>
         <subfield code="z">Qaryat al-Fāu Site.</subfield>
      </datafield>
      <datafield tag="651" ind1=" " ind2="7">
         <subfield code="a">Dhāt Kāhl.</subfield>
         <subfield code="2">pleiades</subfield>
         <subfield code="0">https://pleiades.stoa.org/places/45016677</subfield>
      </datafield>
      <datafield tag="880" ind1="1" ind2=" ">
         <subfield code="6">100-01/</subfield>
         <subfield code="a">أنصاري، ع. ر.</subfield>
         <subfield code="q">(عبد الرحمن)</subfield>
      </datafield>
      <datafield tag="880" ind1="1" ind2="5">
         <subfield code="6">246-00/</subfield>
         <subfield code="a">"قرية" الفاو، صورة للحضارة العربية قبل الإسلام في المملكة العربية السعودية</subfield>
      </datafield>
      <datafield tag="880" ind1=" " ind2=" ">
         <subfield code="6">260-02/</subfield>
         <subfield code="a">[الرياض] :</subfield>
         <subfield code="b">جامعة الرياض،</subfield>
         <subfield code="c">1982.</subfield>
      </datafield>
      <datafield tag="856" ind1="4" ind2="2">
         <subfield code="3">The Elizabeth Bowers Peck, 1929 Endowment Book Fund Home Page</subfield>
         <subfield code="u">http://hdl.library.upenn.edu/1017.12/366321</subfield>
      </datafield>
      <datafield tag="OWN" ind1=" " ind2=" ">
         <subfield code="a">GENERAL</subfield>
      </datafield>
      <datafield tag="950" ind1=" " ind2=" ">
         <subfield code="l">BMAIN</subfield>
         <subfield code="a">DS248.Q37</subfield>
         <subfield code="b">A57 1982</subfield>
         <subfield code="d">\+\</subfield>
         <subfield code="h">06/03/82 C</subfield>
      </datafield>
      <datafield tag="950" ind1=" " ind2=" ">
         <subfield code="l">IFAM</subfield>
         <subfield code="a">DS248.Q37</subfield>
         <subfield code="b">A57 1982</subfield>
         <subfield code="i">08/18/87 N</subfield>
         <subfield code="h">07/28/87 C</subfield>
      </datafield>
      <datafield tag="950" ind1=" " ind2=" ">
         <subfield code="l">KEV</subfield>
         <subfield code="a">DS248.Q37</subfield>
         <subfield code="b">A57 1982</subfield>
         <subfield code="d">\+\</subfield>
         <subfield code="h">06/03/82 C</subfield>
      </datafield>
      <datafield tag="955" ind1=" " ind2=" ">
         <subfield code="l">BMAIN</subfield>
         <subfield code="c">1</subfield>
         <subfield code="r">007170817</subfield>
         <subfield code="h">06/03/82 C</subfield>
      </datafield>
      <datafield tag="955" ind1=" " ind2=" ">
         <subfield code="l">IFAM</subfield>
         <subfield code="c">1</subfield>
         <subfield code="h">07/28/87 C</subfield>
      </datafield>
      <datafield tag="955" ind1=" " ind2=" ">
         <subfield code="l">KEV</subfield>
         <subfield code="c">1</subfield>
         <subfield code="h">06/03/82 C</subfield>
      </datafield>
      <datafield tag="998" ind1=" " ind2=" ">
         <subfield code="a">08/18/87</subfield>
         <subfield code="t">c</subfield>
         <subfield code="s">9110</subfield>
         <subfield code="n">NNU</subfield>
         <subfield code="w">NYUG82B10438</subfield>
         <subfield code="d">06/03/82</subfield>
         <subfield code="c">AC</subfield>
         <subfield code="b">XXX</subfield>
         <subfield code="i">870818</subfield>
         <subfield code="h">870728</subfield>
         <subfield code="h">831005</subfield>
         <subfield code="h">820603</subfield>
         <subfield code="l">NYUG</subfield>
      </datafield>
      <datafield tag="AVA" ind1=" " ind2=" ">
         <subfield code="a">NYU51</subfield>
         <subfield code="b">NABUD</subfield>
         <subfield code="c">Main Collection</subfield>
         <subfield code="d">DS248.Q37 A57 1982 Oversize</subfield>
         <subfield code="e">available</subfield>
         <subfield code="t">Available</subfield>
         <subfield code="f">1</subfield>
         <subfield code="g">0</subfield>
         <subfield code="h">N</subfield>
         <subfield code="i">0</subfield>
         <subfield code="j">MAIN</subfield>
         <subfield code="k">0</subfield>
      </datafield>
      <datafield tag="AVA" ind1=" " ind2=" ">
         <subfield code="a">NYU50</subfield>
         <subfield code="b">BOBST</subfield>
         <subfield code="c">Main Collection</subfield>
         <subfield code="d">DS248.Q37 A57 1982 Oversize</subfield>
         <subfield code="e">unavailable</subfield>
         <subfield code="t">Unavailable</subfield>
         <subfield code="f">1</subfield>
         <subfield code="g">1</subfield>
         <subfield code="h">N</subfield>
         <subfield code="i">1</subfield>
         <subfield code="j">MAIN</subfield>
         <subfield code="k">0</subfield>
      </datafield>
      <datafield tag="AVA" ind1=" " ind2=" ">
         <subfield code="a">NYU50</subfield>
         <subfield code="b">NIFA</subfield>
         <subfield code="c">Main Collection</subfield>
         <subfield code="d">DS248.Q37 A57 1982 Non-circulating</subfield>
         <subfield code="e">available</subfield>
         <subfield code="t">Available</subfield>
         <subfield code="f">1</subfield>
         <subfield code="g">0</subfield>
         <subfield code="h">N</subfield>
         <subfield code="i">0</subfield>
         <subfield code="j">MAIN</subfield>
         <subfield code="k">0</subfield>
      </datafield>
      <datafield tag="AVA" ind1=" " ind2=" ">
         <subfield code="a">NYU50</subfield>
         <subfield code="b">NISAW</subfield>
         <subfield code="c">Oversize Collection</subfield>
         <subfield code="d">DS248.Q37 A57 1982 Non-circulating</subfield>
         <subfield code="e">available</subfield>
         <subfield code="t">Available</subfield>
         <subfield code="f">1</subfield>
         <subfield code="g">0</subfield>
         <subfield code="h">N</subfield>
         <subfield code="i">0</subfield>
         <subfield code="j">OVERZ</subfield>
         <subfield code="k">0</subfield>
      </datafield>
      <marc:datafield tag="852" ind1=" " ind2=" ">
         <marc:subfield code="b">Institute for the Study of the Ancient World, </marc:subfield>
         <marc:subfield code="c">Oversize Collection</marc:subfield>
         <marc:subfield code="e">15 East 84th St., </marc:subfield>
         <marc:subfield code="e">New York, NY  10028</marc:subfield>
      </marc:datafield>
   </record>