
  
  
  
  
  
  
  
  
  
  
  
  
 
  
  <record xsi:schemaLocation="http://www.loc.gov/MARC21/slim http://www.loc.gov/standards/marcxml/schema/MARC21slim.xsd">
      <leader>00000cam a22009254a 4500</leader>
      <controlfield tag="FMT">BK</controlfield>
      <controlfield tag="LDR">00000cam a22009254a 4500</controlfield>
      <controlfield tag="001">003112337</controlfield>
      <controlfield tag="003">OCoLC</controlfield>
      <controlfield tag="005">20181026154500.0</controlfield>
      <controlfield tag="008">080821s2008    nyuab    bc   001 0 eng</controlfield>
      <datafield tag="010" ind1=" " ind2=" ">
         <subfield code="a">2008037268</subfield>
      </datafield>
      <datafield tag="015" ind1=" " ind2=" ">
         <subfield code="a">GBA8C0998</subfield>
         <subfield code="2">bnb</subfield>
      </datafield>
      <datafield tag="016" ind1="7" ind2=" ">
         <subfield code="a">014782593</subfield>
         <subfield code="2">Uk</subfield>
      </datafield>
      <datafield tag="020" ind1=" " ind2=" ">
         <subfield code="a">9781588392954</subfield>
         <subfield code="q">(Metropolitan Museum of Art ;</subfield>
         <subfield code="q">hc)</subfield>
      </datafield>
      <datafield tag="020" ind1=" " ind2=" ">
         <subfield code="a">1588392953</subfield>
         <subfield code="q">(Metropolitan Museum of Art ;</subfield>
         <subfield code="q">hc)</subfield>
      </datafield>
      <datafield tag="020" ind1=" " ind2=" ">
         <subfield code="a">9781588392961</subfield>
         <subfield code="q">(Metropolitan Museum of Art ;</subfield>
         <subfield code="q">pbk.)</subfield>
      </datafield>
      <datafield tag="020" ind1=" " ind2=" ">
         <subfield code="a">1588392961</subfield>
         <subfield code="q">(Metropolitan Museum of Art ;</subfield>
         <subfield code="q">pbk.)</subfield>
      </datafield>
      <datafield tag="020" ind1=" " ind2=" ">
         <subfield code="a">9780300141436</subfield>
         <subfield code="q">(Yale University Press ;</subfield>
         <subfield code="q">hc)</subfield>
      </datafield>
      <datafield tag="020" ind1=" " ind2=" ">
         <subfield code="a">0300141432</subfield>
         <subfield code="q">(Yale University Press ;</subfield>
         <subfield code="q">hc)</subfield>
      </datafield>
      <datafield tag="035" ind1=" " ind2=" ">
         <subfield code="a">(OCoLC)223872555</subfield>
         <subfield code="z">(OCoLC)965986875</subfield>
         <subfield code="z">(OCoLC)1022610237</subfield>
      </datafield>
      <datafield tag="040" ind1=" " ind2=" ">
         <subfield code="a">DLC</subfield>
         <subfield code="b">eng</subfield>
         <subfield code="c">DLC</subfield>
         <subfield code="d">BTCTA</subfield>
         <subfield code="d">BAKER</subfield>
         <subfield code="d">YDXCP</subfield>
         <subfield code="d">C#P</subfield>
         <subfield code="d">BWX</subfield>
         <subfield code="d">UKM</subfield>
         <subfield code="d">CDX</subfield>
         <subfield code="d">ABF</subfield>
         <subfield code="d">IXA</subfield>
         <subfield code="d">IAY</subfield>
         <subfield code="d">OCLCQ</subfield>
         <subfield code="d">DEBSZ</subfield>
         <subfield code="d">OCLCQ</subfield>
         <subfield code="d">BDX</subfield>
         <subfield code="d">UKMGB</subfield>
         <subfield code="d">OCLCF</subfield>
         <subfield code="d">OCLCQ</subfield>
         <subfield code="d">OCLCO</subfield>
         <subfield code="d">TAMSA</subfield>
         <subfield code="d">OCLCO</subfield>
         <subfield code="d">OCLCQ</subfield>
         <subfield code="d">OCLCO</subfield>
         <subfield code="d">S3O</subfield>
         <subfield code="d">OCLCO</subfield>
         <subfield code="d">OCLCQ</subfield>
         <subfield code="d">CNGUL</subfield>
         <subfield code="d">DDD</subfield>
         <subfield code="d">MMV</subfield>
         <subfield code="d">OCLCQ</subfield>
         <subfield code="d">CSJ</subfield>
         <subfield code="d">TFW</subfield>
         <subfield code="d">OCLCO</subfield>
         <subfield code="d">OCLCA</subfield>
         <subfield code="d">DHA</subfield>
         <subfield code="d">OCLCQ</subfield>
         <subfield code="d">XFF</subfield>
         <subfield code="d">OCLCQ</subfield>
         <subfield code="d">TYC</subfield>
         <subfield code="d">OCLCQ</subfield>
         <subfield code="d">CNO</subfield>
         <subfield code="d">OCLCQ</subfield>
         <subfield code="d">TKN</subfield>
         <subfield code="d">T9K</subfield>
         <subfield code="d">OCLCQ</subfield>
         <subfield code="d">EUM</subfield>
         <subfield code="d">WLU</subfield>
      </datafield>
      <datafield tag="041" ind1="1" ind2=" ">
         <subfield code="a">eng</subfield>
         <subfield code="h">ara</subfield>
         <subfield code="h">fre</subfield>
         <subfield code="h">ger</subfield>
         <subfield code="h">gre</subfield>
      </datafield>
      <datafield tag="043" ind1=" " ind2=" ">
         <subfield code="a">aw-----</subfield>
      </datafield>
      <datafield tag="050" ind1="0" ind2="0">
         <subfield code="a">N5345</subfield>
         <subfield code="b">.B38 2008</subfield>
      </datafield>
      <datafield tag="079" ind1=" " ind2=" ">
         <subfield code="a">(OCoLC)223872555</subfield>
      </datafield>
      <datafield tag="082" ind1="0" ind2="0">
         <subfield code="a">709.3/0747471</subfield>
         <subfield code="2">22</subfield>
      </datafield>
      <datafield tag="084" ind1=" " ind2=" ">
         <subfield code="a">709.30747471</subfield>
         <subfield code="2">22</subfield>
      </datafield>
      <datafield tag="084" ind1=" " ind2=" ">
         <subfield code="a">J137.009.2</subfield>
         <subfield code="2">clc</subfield>
      </datafield>
      <datafield tag="245" ind1="0" ind2="0">
         <subfield code="a">Beyond Babylon :</subfield>
         <subfield code="b">art, trade, and diplomacy in the second millennium B.C. /</subfield>
         <subfield code="c">edited by Joan Aruz, Kim Benzel, and Jean M. Evans.</subfield>
      </datafield>
      <datafield tag="260" ind1=" " ind2=" ">
         <subfield code="a">New York :</subfield>
         <subfield code="b">Metropolitan Museum of Art ;</subfield>
         <subfield code="a">New Haven :</subfield>
         <subfield code="b">Yale University Press,</subfield>
         <subfield code="c">2008.</subfield>
      </datafield>
      <datafield tag="300" ind1=" " ind2=" ">
         <subfield code="a">xxiii, 524 pages :</subfield>
         <subfield code="b">illustrations (chiefly color), color maps ;</subfield>
         <subfield code="c">32 cm</subfield>
      </datafield>
      <datafield tag="336" ind1=" " ind2=" ">
         <subfield code="a">text</subfield>
         <subfield code="b">txt</subfield>
         <subfield code="2">rdacontent</subfield>
      </datafield>
      <datafield tag="337" ind1=" " ind2=" ">
         <subfield code="a">unmediated</subfield>
         <subfield code="b">n</subfield>
         <subfield code="2">rdamedia</subfield>
      </datafield>
      <datafield tag="338" ind1=" " ind2=" ">
         <subfield code="a">volume</subfield>
         <subfield code="b">nc</subfield>
         <subfield code="2">rdacarrier</subfield>
      </datafield>
      <datafield tag="500" ind1=" " ind2=" ">
         <subfield code="a">Catalog of an exhibition at the Metropolitan Museum of Art, New York, Nov. 18, 2008-Mar. 15, 2009.</subfield>
      </datafield>
      <datafield tag="504" ind1=" " ind2=" ">
         <subfield code="a">Includes bibliographical references (pages 456-504) and index.</subfield>
      </datafield>
      <datafield tag="505" ind1="0" ind2=" ">
         <subfield code="a">Introduction / Joan Aruz -- The Middle Bronze Age / Mogens Trolle Larsen -- Babylon / Béatrice André-Salvini -- Mari / Jean-Claude Margueron -- Ebla / Paolo Matthiae -- The development of trade routes in the early second millennium B.C. / Michel Al-Maqdissi -- Ugarit / Bassam Jamous -- Byblos / Suzy Hakimian -- The Cedar forest / Ira Spar -- Minoan Kamares ware in the Levant / Robert B. Koehl -- Egypt and the Levant / Thomas Schneider -- The Tôd Treasure / Geneviève Pierrat-Bonnefois -- Lapis Lazuli / Michèle Casanova -- The old Assyrian merchant colonies / Mogens Trolle Larsen -- Central Anatolian ivories / Joan Aruz -- Technical notes on the Metropolitan Museum ivories / Jean-François de Lapérouse.</subfield>
      </datafield>
      <datafield tag="505" ind1="8" ind2=" ">
         <subfield code="a">Texts, trade, and travelers / Jack M. Sasson -- Ornaments of interaction: the art of the jeweler / Kim Benzel -- Egypt, the Levant, and the Aegean from the Hyksos period to the rise of the New Kingdom / David O'Connor -- Tell el-Dab'a in the Nile Delta / Manfred Bietak -- The burial of Queen Ahhotep / Peter Lacovara -- Painted palaces / Joan Aruz -- The wall paintings of Thera and the eastern Mediterranean / Christos G. Doumas -- Minoan artists at the Court of Avaris (Tell el-Dab'a) / Manfred Bietak -- Bull leaping / Joan Aruz -- Ritual and royal imagery / Joan Aruz -- Board games / Irving Finkel -- The horse in the ancient Near East / Kim Benzel.</subfield>
      </datafield>
      <datafield tag="505" ind1="8" ind2=" ">
         <subfield code="a">The Late Bronze Age: materials and mechanisms of trade and cultural exchange / Mario Liverani -- The Amarna letters / Ira Spar -- The Hittite Empire / Andreas Müller-Karpe -- Shapinuwa: a capital of the Hittite state / Aygül Süel and Mustafa Süel -- Hattusa: capital of the Hattite Empire / Andreas Schachner -- Literary and cultural connections / Gary Beckman -- The Mitanni state / Jean M. Evans -- Alalakh (Tell Atchana) / K. Aslihan Yener -- Kassite Babylonia / Jean M. Evans -- The Middle Assyrian period / Jean M. Evans -- Syrian archaeological excavations at Qatna / Michel Al-Maqdissi -- The Royal Palace at Qatna: power and prestige in the Late Bronze Age / Peter Pfälzner.</subfield>
      </datafield>
      <datafield tag="505" ind1="8" ind2=" ">
         <subfield code="a">Italian archaeological research at Qatna / Danièle Morandi Bonacossi -- Ugarit in the Late Bronze Age / Bassam Jamous -- Ugarit: gateway to the Mediterranean / Jean-Claude Margueron -- New Kingdom Egypt / Thomas Schneider -- Depictions of foreign emissaries in the Theban tombs / Sarah Graff -- Aegean interactions with the Near East and Egypt during the Late Bronze Age / Robert B. Koehl -- Mycenae / Lena Papazoglou-Manioudaki -- Mycenaean Thebes / Vasilis Aravantinos -- The Uluburun shipwreck and Late Bronze Age trade / Cemal Pulak -- Cyprus: an international nexus of art and trade / Sophie Cluzan -- The art of exchange / Joan Aruz -- Ivory, shell, and bone / Annie Caubet -- Vitreous materials / Annie Caubet -- Bridges to Babylon: Homer, Anatolia, and the Levant / Sarah P. Morris -- The legacy of ivory-working traditions in the early first millennium B.C. / Marian Feldman -- Problems of chronology: Mesopotamia, Anatolia, and the Syro-Levantine region / Glenn M. Schwartz -- Problems of chronology: Egypt and the Aegean / Eric H. Cline.</subfield>
      </datafield>
      <datafield tag="650" ind1=" " ind2="0">
         <subfield code="a">Art, Middle Eastern</subfield>
         <subfield code="v">Exhibitions.</subfield>
      </datafield>
      <datafield tag="650" ind1=" " ind2="0">
         <subfield code="a">Art, Ancient</subfield>
         <subfield code="z">Middle East</subfield>
         <subfield code="v">Exhibitions.</subfield>
      </datafield>
      <datafield tag="651" ind1=" " ind2="0">
         <subfield code="a">Middle East</subfield>
         <subfield code="x">Civilization</subfield>
         <subfield code="y">To 622</subfield>
         <subfield code="v">Exhibitions.</subfield>
      </datafield>
      <datafield tag="650" ind1=" " ind2="7">
         <subfield code="a">Art, Middle Eastern</subfield>
         <subfield code="v">Exhibitions.</subfield>
         <subfield code="2">cct</subfield>
      </datafield>
      <datafield tag="650" ind1=" " ind2="7">
         <subfield code="a">Art, Ancient</subfield>
         <subfield code="z">Middle East</subfield>
         <subfield code="v">Exhibitions.</subfield>
         <subfield code="2">cct</subfield>
      </datafield>
      <datafield tag="651" ind1=" " ind2="7">
         <subfield code="a">Middle East</subfield>
         <subfield code="x">Civilization</subfield>
         <subfield code="z">To 622.</subfield>
         <subfield code="2">cct</subfield>
      </datafield>
      <datafield tag="650" ind1=" " ind2="7">
         <subfield code="a">Art, Ancient.</subfield>
         <subfield code="2">fast</subfield>
         <subfield code="0">(OCoLC)fst00815925</subfield>
      </datafield>
      <datafield tag="650" ind1=" " ind2="7">
         <subfield code="a">Art, Middle Eastern.</subfield>
         <subfield code="2">fast</subfield>
         <subfield code="0">(OCoLC)fst00816611</subfield>
      </datafield>
      <datafield tag="650" ind1=" " ind2="7">
         <subfield code="a">Civilization.</subfield>
         <subfield code="2">fast</subfield>
         <subfield code="0">(OCoLC)fst00862898</subfield>
      </datafield>
      <datafield tag="651" ind1=" " ind2="7">
         <subfield code="a">Middle East.</subfield>
         <subfield code="2">fast</subfield>
         <subfield code="0">(OCoLC)fst01241586</subfield>
      </datafield>
      <datafield tag="650" ind1=" " ind2="4">
         <subfield code="a">Art, Middle Eastern</subfield>
         <subfield code="v">Exhibitions.</subfield>
      </datafield>
      <datafield tag="650" ind1=" " ind2="4">
         <subfield code="a">Art, Ancient</subfield>
         <subfield code="z">Middle East</subfield>
         <subfield code="v">Exhibitions.</subfield>
      </datafield>
      <datafield tag="651" ind1=" " ind2="4">
         <subfield code="a">Middle East</subfield>
         <subfield code="x">Civilization</subfield>
         <subfield code="x">To 622</subfield>
         <subfield code="v">Exhibitions.</subfield>
      </datafield>
      <datafield tag="648" ind1=" " ind2="7">
         <subfield code="a">To 622</subfield>
         <subfield code="2">fast</subfield>
      </datafield>
      <datafield tag="655" ind1=" " ind2="7">
         <subfield code="a">Exhibition catalogs.</subfield>
         <subfield code="2">fast</subfield>
         <subfield code="0">(OCoLC)fst01424028</subfield>
      </datafield>
      <datafield tag="655" ind1=" " ind2="7">
         <subfield code="a">Exhibition catalogs.</subfield>
         <subfield code="2">lcgft</subfield>
      </datafield>
      <datafield tag="700" ind1="1" ind2=" ">
         <subfield code="a">Aruz, Joan.</subfield>
      </datafield>
      <datafield tag="700" ind1="1" ind2=" ">
         <subfield code="a">Benzel, Kim.</subfield>
      </datafield>
      <datafield tag="700" ind1="1" ind2=" ">
         <subfield code="a">Evans, Jean M.</subfield>
      </datafield>
      <datafield tag="710" ind1="2" ind2=" ">
         <subfield code="a">Metropolitan Museum of Art (New York, N.Y.)</subfield>
      </datafield>
      <datafield tag="776" ind1="0" ind2="8">
         <subfield code="i">Online version:</subfield>
         <subfield code="t">Beyond Babylon.</subfield>
         <subfield code="d">New York : Metropolitan Museum of Art ; New Haven : Yale University Press, 2008</subfield>
         <subfield code="w">(OCoLC)609327226</subfield>
      </datafield>
      <datafield tag="856" ind1="4" ind2="1">
         <subfield code="3">Table of contents</subfield>
         <subfield code="u">http://catdir.loc.gov/catdir/toc/ecip0827/2008037268.html</subfield>
      </datafield>
      <datafield tag="856" ind1="4" ind2="1">
         <subfield code="3">Table of contents</subfield>
         <subfield code="q">application/pdf</subfield>
         <subfield code="u">http://swbplus.bsz-bw.de/bsz288455061inh.htm</subfield>
         <subfield code="v">20090901132915</subfield>
      </datafield>
      <datafield tag="856" ind1="4" ind2="2">
         <subfield code="u">http://www.metmuseum.org/art/metpublications/beyond_babylon_art_trade_and_diplomacy_in_the_second_millenium_bc</subfield>
      </datafield>
      <datafield tag="OWN" ind1=" " ind2=" ">
         <subfield code="a">GENERAL</subfield>
      </datafield>
      <datafield tag="AVA" ind1=" " ind2=" ">
         <subfield code="a">NYU50</subfield>
         <subfield code="b">BOBST</subfield>
         <subfield code="c">Main Collection</subfield>
         <subfield code="d">N5345 .B38 2008</subfield>
         <subfield code="e">available</subfield>
         <subfield code="t">Available</subfield>
         <subfield code="f">1</subfield>
         <subfield code="g">0</subfield>
         <subfield code="h">N</subfield>
         <subfield code="i">25</subfield>
         <subfield code="j">MAIN</subfield>
         <subfield code="k">0</subfield>
      </datafield>
      <datafield tag="AVA" ind1=" " ind2=" ">
         <subfield code="a">NYU50</subfield>
         <subfield code="b">CU</subfield>
         <subfield code="c">Main Collection</subfield>
         <subfield code="d">N5345 .B38 2008</subfield>
         <subfield code="e">available</subfield>
         <subfield code="t">Available</subfield>
         <subfield code="f">1</subfield>
         <subfield code="g">0</subfield>
         <subfield code="h">N</subfield>
         <subfield code="i">23</subfield>
         <subfield code="j">MAIN</subfield>
         <subfield code="k">0</subfield>
      </datafield>
      <datafield tag="AVA" ind1=" " ind2=" ">
         <subfield code="a">NYU50</subfield>
         <subfield code="b">NIFA</subfield>
         <subfield code="c">Main Collection</subfield>
         <subfield code="d">N5345 .B38 2008 Non-circulating</subfield>
         <subfield code="e">available</subfield>
         <subfield code="t">Available</subfield>
         <subfield code="f">1</subfield>
         <subfield code="g">0</subfield>
         <subfield code="h">N</subfield>
         <subfield code="i">0</subfield>
         <subfield code="j">MAIN</subfield>
         <subfield code="k">0</subfield>
      </datafield>
      <datafield tag="AVA" ind1=" " ind2=" ">
         <subfield code="a">NYU50</subfield>
         <subfield code="b">NISAW</subfield>
         <subfield code="c">Large Collection</subfield>
         <subfield code="d">N5345 .B38 2008 Non-circulating</subfield>
         <subfield code="e">available</subfield>
         <subfield code="t">Available</subfield>
         <subfield code="f">1</subfield>
         <subfield code="g">0</subfield>
         <subfield code="h">N</subfield>
         <subfield code="i">0</subfield>
         <subfield code="j">LARGE</subfield>
         <subfield code="k">0</subfield>
      </datafield>
      <marc:datafield tag="852" ind1=" " ind2=" ">
         <marc:subfield code="b">Institute for the Study of the Ancient World, </marc:subfield>
         <marc:subfield code="c">Large Collection</marc:subfield>
         <marc:subfield code="e">15 East 84th St., </marc:subfield>
         <marc:subfield code="e">New York, NY  10028</marc:subfield>
      </marc:datafield>
      <datafield tag="AVA" ind1=" " ind2=" ">
         <subfield code="a">NYU50</subfield>
         <subfield code="b">TNSGI</subfield>
         <subfield code="c">Main Collection</subfield>
         <subfield code="d">N5345 .B38 2008</subfield>
         <subfield code="e">unavailable</subfield>
         <subfield code="t">Unavailable</subfield>
         <subfield code="f">1</subfield>
         <subfield code="g">1</subfield>
         <subfield code="h">N</subfield>
         <subfield code="i">4</subfield>
         <subfield code="j">MAIN</subfield>
         <subfield code="k">0</subfield>
      </datafield>
   </record>