
  
  
  
  
  
  
  
  
  
  
  
  
  
  
 
  
  <record xsi:schemaLocation="http://www.loc.gov/MARC21/slim http://www.loc.gov/standards/marcxml/schema/MARC21slim.xsd">
      <leader>00000cam a22     Ii 4500</leader>
      <controlfield tag="FMT">BK</controlfield>
      <controlfield tag="LDR">00000cam a22     Ii 4500</controlfield>
      <controlfield tag="001">006362608</controlfield>
      <controlfield tag="005">20181102142408.0</controlfield>
      <controlfield tag="008">181029t20182018ne a     b    001 0 eng d</controlfield>
      <datafield tag="020" ind1=" " ind2=" ">
         <subfield code="a">9789004368330</subfield>
         <subfield code="q">hardcover</subfield>
      </datafield>
      <datafield tag="020" ind1=" " ind2=" ">
         <subfield code="a">9004368337</subfield>
         <subfield code="q">hardcover</subfield>
      </datafield>
      <datafield tag="020" ind1=" " ind2=" ">
         <subfield code="z">9789004373341</subfield>
         <subfield code="q">electronic book</subfield>
      </datafield>
      <datafield tag="035" ind1=" " ind2=" ">
         <subfield code="a">(OCoLC)1031543113</subfield>
         <subfield code="z">(OCoLC)1031909503</subfield>
      </datafield>
      <datafield tag="040" ind1=" " ind2=" ">
         <subfield code="a">YDX</subfield>
         <subfield code="b">eng</subfield>
         <subfield code="e">rda</subfield>
         <subfield code="c">YDX</subfield>
         <subfield code="d">VU@</subfield>
         <subfield code="d">ERASA</subfield>
         <subfield code="d">YDX</subfield>
         <subfield code="d">OHX</subfield>
         <subfield code="d">OCLCF</subfield>
         <subfield code="d">PTS</subfield>
         <subfield code="d">COD</subfield>
         <subfield code="d">ZYU</subfield>
      </datafield>
      <datafield tag="043" ind1=" " ind2=" ">
         <subfield code="a">a-iq---</subfield>
      </datafield>
      <datafield tag="050" ind1=" " ind2="4">
         <subfield code="a">BF1559</subfield>
         <subfield code="b">.S64 2018</subfield>
      </datafield>
      <datafield tag="079" ind1=" " ind2=" ">
         <subfield code="a">(OCoLC)1031543113</subfield>
      </datafield>
      <datafield tag="082" ind1="0" ind2="4">
         <subfield code="a">133.4/27</subfield>
         <subfield code="2">23</subfield>
      </datafield>
      <datafield tag="245" ind1="0" ind2="0">
         <subfield code="a">Sources of evil :</subfield>
         <subfield code="b">studies in Mesopotamian exorcistic lore /</subfield>
         <subfield code="c">edited by Greta Van Buylaere, Mikko Luukko, Daniel Schwemer, Avigail Mertens-Wagschal.</subfield>
      </datafield>
      <datafield tag="264" ind1=" " ind2="1">
         <subfield code="a">Leiden ;</subfield>
         <subfield code="a">Boston :</subfield>
         <subfield code="b">Brill,</subfield>
         <subfield code="c">[2018]</subfield>
      </datafield>
      <datafield tag="264" ind1=" " ind2="4">
         <subfield code="c">©2018</subfield>
      </datafield>
      <datafield tag="300" ind1=" " ind2=" ">
         <subfield code="a">xiii, 382 pages:</subfield>
         <subfield code="b">color illustrations ;</subfield>
         <subfield code="c">24 cm.</subfield>
      </datafield>
      <datafield tag="336" ind1=" " ind2=" ">
         <subfield code="a">text</subfield>
         <subfield code="b">txt</subfield>
         <subfield code="2">rdacontent</subfield>
      </datafield>
      <datafield tag="337" ind1=" " ind2=" ">
         <subfield code="a">unmediated</subfield>
         <subfield code="b">n</subfield>
         <subfield code="2">rdamedia</subfield>
      </datafield>
      <datafield tag="338" ind1=" " ind2=" ">
         <subfield code="a">volume</subfield>
         <subfield code="b">nc</subfield>
         <subfield code="2">rdacarrier</subfield>
      </datafield>
      <datafield tag="490" ind1="1" ind2=" ">
         <subfield code="a">Ancient magic and divination,</subfield>
         <subfield code="x">1566-7952 ;</subfield>
         <subfield code="v">volume 15</subfield>
      </datafield>
      <datafield tag="504" ind1=" " ind2=" ">
         <subfield code="a">Includes bibliographical references and index.</subfield>
      </datafield>
      <datafield tag="520" ind1="8" ind2=" ">
         <subfield code="a">"Sources of Evil: Studies in Mesopotamian Exorcistic Lore' is a collection of thirteen essays on the body of knowledge employed by ancient Near Eastern healing experts, most prominently the 'exorcist' and the 'physician', to help patients who were suffering from misfortunes caused by divine anger, transgressions of taboos, demons, witches, or other sources of evil. The volume provides new insights into the two most important catalogues of Mesopotamian therapeutic lore, the Exorcist's Manual and the Assur Medical Catalogue, and contains discussions of agents of evil and causes of illness, ways of repelling evil and treating patients, the interpretation of natural phenomena in the context of exorcistic lore, and a description of the symbolic cosmos with its divine and demonic inhabitants."-- Back cover.</subfield>
      </datafield>
      <datafield tag="505" ind1="0" ind2=" ">
         <subfield code="a">The exorcist's manual : structure, language, Sitz im Leben / Eckart Frahm -- Catalogues, texts, and specialists : some thoughts on the Aššur medical catalogue and Mesopotamian healing professions / Ulrike Steinert -- Identifying divine agency : the hands of the gods in context / Nils P. Heeβel -- Kamadme, the Sumerian counterpart of the demon Lamaštu / Andrew R. George --The lion, the witch, and the wolf : aggressive magic and witchcraft in the old Babylonian period / Avigail Mertens-Wagschal -- Evil helpers : instrumentalizing agents of evil in anti-witchcraft rituals / Daniel Schwemer -- Magico-medical plants and incantations on Assyrian house amulets / Strahil V. Panayotov -- Alternative models for the development of some incantations / Tzvi Abusch -- Reusing incantations and making new from old : on the formation and therapeutic objective of the Muššu'u ("Embrocation") compendium / Barbara Böck -- Tracing Mesopotamian medical knowledge : a study of maškadu and related illnesses / Troels Pank Arbøll -- Ina lumun attalî Sîn : on evil and lunar eclipses / Francesca Rochberg -- Highway to hell : the winds as cosmic conveyors in Mesopotamian incantation texts / Enrique Jiménez -- The Göttertypentext as a humanistic Mappa Mundi : an essay / Frans A. M. Wiggermann .</subfield>
      </datafield>
      <datafield tag="650" ind1=" " ind2="0">
         <subfield code="a">Exorcism</subfield>
         <subfield code="z">Iraq</subfield>
         <subfield code="x">History</subfield>
         <subfield code="y">to 634.</subfield>
      </datafield>
      <datafield tag="650" ind1=" " ind2="0">
         <subfield code="a">Good and evil.</subfield>
      </datafield>
      <datafield tag="650" ind1=" " ind2="0">
         <subfield code="a">Magic, Assyro-Babylonian.</subfield>
      </datafield>
      <datafield tag="650" ind1=" " ind2="0">
         <subfield code="a">Medicine, Assyro-Babylonian.</subfield>
      </datafield>
      <datafield tag="651" ind1=" " ind2="7">
         <subfield code="a">Mesopotamia (general region)</subfield>
         <subfield code="2">tgn</subfield>
         <subfield code="0">http://vocab.getty.edu/page/tgn/7001554</subfield>
         <subfield code="5">NyNyUAW</subfield>
      </datafield>
      <datafield tag="650" ind1=" " ind2="7">
         <subfield code="a">Exorcism.</subfield>
         <subfield code="2">fast</subfield>
         <subfield code="0">(OCoLC)fst00918244</subfield>
      </datafield>
      <datafield tag="650" ind1=" " ind2="7">
         <subfield code="a">Good and evil.</subfield>
         <subfield code="2">fast</subfield>
         <subfield code="0">(OCoLC)fst00944894</subfield>
      </datafield>
      <datafield tag="651" ind1=" " ind2="7">
         <subfield code="a">Iraq.</subfield>
         <subfield code="2">fast</subfield>
         <subfield code="0">(OCoLC)fst01205757</subfield>
      </datafield>
      <datafield tag="648" ind1=" " ind2="7">
         <subfield code="a">To 634</subfield>
         <subfield code="2">fast</subfield>
      </datafield>
      <datafield tag="655" ind1=" " ind2="7">
         <subfield code="a">History.</subfield>
         <subfield code="2">fast</subfield>
         <subfield code="0">(OCoLC)fst01411628</subfield>
      </datafield>
      <datafield tag="700" ind1="1" ind2=" ">
         <subfield code="a">Buylaere, Greta van,</subfield>
         <subfield code="e">editor.</subfield>
      </datafield>
      <datafield tag="700" ind1="1" ind2=" ">
         <subfield code="a">Luukko, Mikko,</subfield>
         <subfield code="e">editor.</subfield>
      </datafield>
      <datafield tag="700" ind1="1" ind2=" ">
         <subfield code="a">Schwemer, Daniel,</subfield>
         <subfield code="e">editor.</subfield>
      </datafield>
      <datafield tag="700" ind1="1" ind2=" ">
         <subfield code="a">Mertens-Wagschal, Avigail,</subfield>
         <subfield code="e">editor.</subfield>
      </datafield>
      <datafield tag="830" ind1=" " ind2="0">
         <subfield code="a">Ancient magic and divination ;</subfield>
         <subfield code="v">15.</subfield>
         <subfield code="x">1566-7952</subfield>
      </datafield>
      <datafield tag="OWN" ind1=" " ind2=" ">
         <subfield code="a">GENERAL</subfield>
      </datafield>
      <datafield tag="AVA" ind1=" " ind2=" ">
         <subfield code="a">NYU50</subfield>
         <subfield code="b">NISAW</subfield>
         <subfield code="c">Small Collection</subfield>
         <subfield code="d">BF1559 .S64 2018 Non-circulating</subfield>
         <subfield code="e">available</subfield>
         <subfield code="t">Available</subfield>
         <subfield code="f">1</subfield>
         <subfield code="g">0</subfield>
         <subfield code="h">N</subfield>
         <subfield code="i">0</subfield>
         <subfield code="j">SMALL</subfield>
         <subfield code="k">0</subfield>
      </datafield>
      <marc:datafield tag="852" ind1=" " ind2=" ">
         <marc:subfield code="b">Institute for the Study of the Ancient World, </marc:subfield>
         <marc:subfield code="c">Small Collection</marc:subfield>
         <marc:subfield code="e">15 East 84th St., </marc:subfield>
         <marc:subfield code="e">New York, NY  10028</marc:subfield>
      </marc:datafield>
   </record>