
  
  
  
  
  
  
  
  
  
  
  
  
  
  
 
  
  <record xsi:schemaLocation="http://www.loc.gov/MARC21/slim http://www.loc.gov/standards/marcxml/schema/MARC21slim.xsd">
      <leader>00000cam a22007214a 4500</leader>
      <controlfield tag="FMT">BK</controlfield>
      <controlfield tag="LDR">00000cam a22007214a 4500</controlfield>
      <controlfield tag="001">006362802</controlfield>
      <controlfield tag="003">OCoLC</controlfield>
      <controlfield tag="005">20181030123502.0</controlfield>
      <controlfield tag="008">181030s2003    gau      b    101 0 eng</controlfield>
      <datafield tag="010" ind1=" " ind2=" ">
         <subfield code="a">2003019714</subfield>
      </datafield>
      <datafield tag="020" ind1=" " ind2=" ">
         <subfield code="a">158983044X</subfield>
         <subfield code="q">(paper binding ;</subfield>
         <subfield code="q">alk. paper)</subfield>
      </datafield>
      <datafield tag="020" ind1=" " ind2=" ">
         <subfield code="a">9781589830448</subfield>
         <subfield code="q">(paper binding ;</subfield>
         <subfield code="q">alk. paper)</subfield>
      </datafield>
      <datafield tag="035" ind1=" " ind2=" ">
         <subfield code="a">(OCoLC)53006817</subfield>
      </datafield>
      <datafield tag="040" ind1=" " ind2=" ">
         <subfield code="a">DLC</subfield>
         <subfield code="b">eng</subfield>
         <subfield code="c">DLC</subfield>
         <subfield code="d">BAKER</subfield>
         <subfield code="d">NLGGC</subfield>
         <subfield code="d">CVN</subfield>
         <subfield code="d">ITC</subfield>
         <subfield code="d">BTCTA</subfield>
         <subfield code="d">YDXCP</subfield>
         <subfield code="d">IG#</subfield>
         <subfield code="d">CFT</subfield>
         <subfield code="d">HEBIS</subfield>
         <subfield code="d">DEBBG</subfield>
         <subfield code="d">OCLCQ</subfield>
         <subfield code="d">SNK</subfield>
         <subfield code="d">OCLCO</subfield>
         <subfield code="d">ZWZ</subfield>
         <subfield code="d">OCLCQ</subfield>
         <subfield code="d">DHA</subfield>
         <subfield code="d">OCLCF</subfield>
         <subfield code="d">OCLCO</subfield>
         <subfield code="d">NNU</subfield>
      </datafield>
      <datafield tag="042" ind1=" " ind2=" ">
         <subfield code="a">pcc</subfield>
      </datafield>
      <datafield tag="043" ind1=" " ind2=" ">
         <subfield code="a">aw-----</subfield>
      </datafield>
      <datafield tag="050" ind1="0" ind2="0">
         <subfield code="a">BS621</subfield>
         <subfield code="b">.B48 2003b</subfield>
      </datafield>
      <datafield tag="079" ind1=" " ind2=" ">
         <subfield code="a">(OCoLC)53006817</subfield>
      </datafield>
      <datafield tag="082" ind1="0" ind2="0">
         <subfield code="a">220.9/3</subfield>
         <subfield code="2">22</subfield>
      </datafield>
      <datafield tag="084" ind1=" " ind2=" ">
         <subfield code="a">11.35</subfield>
         <subfield code="2">bcl</subfield>
      </datafield>
      <datafield tag="084" ind1=" " ind2=" ">
         <subfield code="a">BC 8180</subfield>
         <subfield code="2">rvk</subfield>
      </datafield>
      <datafield tag="084" ind1=" " ind2=" ">
         <subfield code="a">220.93</subfield>
      </datafield>
      <datafield tag="245" ind1="0" ind2="0">
         <subfield code="a">Between text and artifact :</subfield>
         <subfield code="b">integrating archaeology in biblical studies teaching /</subfield>
         <subfield code="c">edited by Milton C. Moreland.</subfield>
      </datafield>
      <datafield tag="260" ind1=" " ind2=" ">
         <subfield code="a">Atlanta :</subfield>
         <subfield code="b">Society of Biblical Literature,</subfield>
         <subfield code="c">©2003.</subfield>
      </datafield>
      <datafield tag="300" ind1=" " ind2=" ">
         <subfield code="a">x, 243 pages ;</subfield>
         <subfield code="c">23 cm.</subfield>
      </datafield>
      <datafield tag="336" ind1=" " ind2=" ">
         <subfield code="a">text</subfield>
         <subfield code="b">txt</subfield>
         <subfield code="2">rdacontent</subfield>
      </datafield>
      <datafield tag="337" ind1=" " ind2=" ">
         <subfield code="a">unmediated</subfield>
         <subfield code="b">n</subfield>
         <subfield code="2">rdamedia</subfield>
      </datafield>
      <datafield tag="338" ind1=" " ind2=" ">
         <subfield code="a">volume</subfield>
         <subfield code="b">nc</subfield>
         <subfield code="2">rdacarrier</subfield>
      </datafield>
      <datafield tag="490" ind1="1" ind2=" ">
         <subfield code="a">Archaeology and biblical studies ;</subfield>
         <subfield code="v">no. 8</subfield>
      </datafield>
      <datafield tag="504" ind1=" " ind2=" ">
         <subfield code="a">Includes bibliographical references (pages 223-238) and index.</subfield>
      </datafield>
      <datafield tag="505" ind1="0" ind2="0">
         <subfield code="t">Between text and artifact /</subfield>
         <subfield code="r">Milton C. Moreland, Shannon Burkes, and Melissa Aubin --</subfield>
         <subfield code="t">Between heaven and earth : educational perspectives on the archaeology and material culture of the Bible /</subfield>
         <subfield code="r">Ann E. Killebrew --</subfield>
         <subfield code="t">Where the girls are : archaeology and women's lives in ancient Israel /</subfield>
         <subfield code="r">Carol Meyers --</subfield>
         <subfield code="t">"These are your gods, O Israel" : the challenge of reconstructing Israelite religion using both text and archaeology /</subfield>
         <subfield code="r">Beth LaRocca-Pitts --</subfield>
         <subfield code="t">In search of the good book : a critical survey of handbooks on biblical archaeology /</subfield>
         <subfield code="r">J.P. Dessel --</subfield>
         <subfield code="t">Why declare the things forbidden? : classroom integration of ancient Near Eastern archaeology with biblical studies in theological context /</subfield>
         <subfield code="r">Scott R.A. Starbuck --</subfield>
         <subfield code="t">On the convergence of texts and artifacts : using archaeology to teach the Hebrew Bible /</subfield>
         <subfield code="r">John C.H. Laughlin --</subfield>
         <subfield code="t">Archaeology in New Testament courses /</subfield>
         <subfield code="r">Milton C. Moreland --</subfield>
         <subfield code="t">Teaching Second Temple Judaism in light of archaeology /</subfield>
         <subfield code="r">Eric M. Meyers --</subfield>
         <subfield code="t">Text and artifact : the Dead Sea scrolls and Qumran /</subfield>
         <subfield code="r">Daniel Falk --</subfield>
         <subfield code="t">Realizing diversity : reflections on teaching pagan religion(s) in late Hellenistic and early Roman Palestine /</subfield>
         <subfield code="r">Jürgen Zangenberg --</subfield>
         <subfield code="t">"Here I am at Khirbet Cana" : integrating biblical studies and archaeology /</subfield>
         <subfield code="r">Byron R. McCane --</subfield>
         <subfield code="t">Annotated bibliography for integrating archaeology into biblical studies /</subfield>
         <subfield code="r">Melissa Aubin.</subfield>
      </datafield>
      <datafield tag="520" ind1=" " ind2=" ">
         <subfield code="a">Provides teachers of biblical studies all the tools needed to integrate the most recent archaeological information into their teaching and scholarship. Practical advice about the best available literature and audio-visual material in the field of archaeology related to the Hebrew Bible, New Testament, and early Judaism, women in the ancient world, and the Dead Sea Scrolls. The authors examine how visual and material data can help us understand political and social motivations for events described in the text; artifacts can remind us of the voices left out of texts and alert us to biases that authors and editors exhibit. When viewed alongside biblical literature, the archaeological record can help create new knowledge that leads to a richly textured set of historical reconstructions of the cultures of the biblical world.</subfield>
      </datafield>
      <datafield tag="500" ind1=" " ind2=" ">
         <subfield code="a">ISAW copy is from the library of Lawrence E. Stager.</subfield>
         <subfield code="5">NyNyUAW</subfield>
      </datafield>
      <datafield tag="630" ind1="0" ind2="0">
         <subfield code="a">Bible</subfield>
         <subfield code="x">Antiquities</subfield>
         <subfield code="x">Study and teaching</subfield>
         <subfield code="v">Congresses.</subfield>
      </datafield>
      <datafield tag="630" ind1="0" ind2="0">
         <subfield code="a">Bible</subfield>
         <subfield code="x">Evidences, authority, etc.</subfield>
         <subfield code="x">Study and teaching</subfield>
         <subfield code="v">Congresses.</subfield>
      </datafield>
      <datafield tag="630" ind1="0" ind2="0">
         <subfield code="a">Bible</subfield>
         <subfield code="x">Study and teaching</subfield>
         <subfield code="v">Congresses.</subfield>
      </datafield>
      <datafield tag="650" ind1=" " ind2="0">
         <subfield code="a">Excavations (Archaeology)</subfield>
         <subfield code="z">Middle East</subfield>
         <subfield code="x">Study and teaching</subfield>
         <subfield code="v">Congresses.</subfield>
      </datafield>
      <datafield tag="651" ind1=" " ind2="0">
         <subfield code="a">Middle East</subfield>
         <subfield code="x">Antiquities</subfield>
         <subfield code="x">Study and teaching</subfield>
         <subfield code="v">Congresses.</subfield>
      </datafield>
      <datafield tag="651" ind1=" " ind2="7">
         <subfield code="a">Middle East (general region)</subfield>
         <subfield code="2">tgn</subfield>
         <subfield code="0">http://vocab.getty.edu/page/tgn/7001526</subfield>
         <subfield code="5">NyNyUAW</subfield>
      </datafield>
      <datafield tag="630" ind1="0" ind2="7">
         <subfield code="a">Bible.</subfield>
         <subfield code="2">fast</subfield>
         <subfield code="0">(OCoLC)fst01356024</subfield>
      </datafield>
      <datafield tag="650" ind1=" " ind2="0">
         <subfield code="a">Excavations (Archaeology)</subfield>
         <subfield code="x">Study and teaching</subfield>
         <subfield code="z">Middle East</subfield>
         <subfield code="v">Congresses.</subfield>
      </datafield>
      <datafield tag="651" ind1=" " ind2="0">
         <subfield code="a">Middle East</subfield>
         <subfield code="x">Antiquities</subfield>
         <subfield code="x">Study and teaching</subfield>
         <subfield code="v">Congresses.</subfield>
      </datafield>
      <datafield tag="650" ind1=" " ind2="7">
         <subfield code="a">Antiquities</subfield>
         <subfield code="x">Study and teaching.</subfield>
         <subfield code="2">fast</subfield>
         <subfield code="0">(OCoLC)fst01351705</subfield>
      </datafield>
      <datafield tag="650" ind1=" " ind2="7">
         <subfield code="a">Excavations (Archaeology)</subfield>
         <subfield code="x">Study and teaching.</subfield>
         <subfield code="2">fast</subfield>
         <subfield code="0">(OCoLC)fst00917591</subfield>
      </datafield>
      <datafield tag="650" ind1=" " ind2="7">
         <subfield code="a">Study skills.</subfield>
         <subfield code="2">fast</subfield>
         <subfield code="0">(OCoLC)fst01136216</subfield>
      </datafield>
      <datafield tag="651" ind1=" " ind2="7">
         <subfield code="a">Middle East.</subfield>
         <subfield code="2">fast</subfield>
         <subfield code="0">(OCoLC)fst01241586</subfield>
      </datafield>
      <datafield tag="655" ind1=" " ind2="7">
         <subfield code="a">Conference papers and proceedings.</subfield>
         <subfield code="2">fast</subfield>
         <subfield code="0">(OCoLC)fst01423772</subfield>
      </datafield>
      <datafield tag="700" ind1="1" ind2=" ">
         <subfield code="a">Moreland, Milton C.</subfield>
      </datafield>
      <datafield tag="700" ind1="1" ind2=" ">
         <subfield code="a">Stager, Lawrence E.,</subfield>
         <subfield code="e">former owner.</subfield>
         <subfield code="5">NyNyUAW</subfield>
      </datafield>
      <datafield tag="740" ind1="0" ind2=" ">
         <subfield code="a">Stager Collection.</subfield>
         <subfield code="5">NyNyUAW</subfield>
      </datafield>
      <datafield tag="830" ind1=" " ind2="0">
         <subfield code="a">Archaeology and biblical studies ;</subfield>
         <subfield code="v">no. 8.</subfield>
      </datafield>
      <datafield tag="856" ind1="4" ind2="1">
         <subfield code="3">Table of contents</subfield>
         <subfield code="u">http://catdir.loc.gov/catdir/toc/ecip048/2003019714.html</subfield>
      </datafield>
      <datafield tag="994" ind1=" " ind2=" ">
         <subfield code="a">Z0</subfield>
         <subfield code="b">ZYU</subfield>
      </datafield>
      <datafield tag="OWN" ind1=" " ind2=" ">
         <subfield code="a">GENERAL</subfield>
      </datafield>
      <datafield tag="AVA" ind1=" " ind2=" ">
         <subfield code="a">NYU50</subfield>
         <subfield code="b">NISAW</subfield>
         <subfield code="c">Small Collection</subfield>
         <subfield code="d">BS621 .B48 2003b Non-circulating</subfield>
         <subfield code="e">available</subfield>
         <subfield code="t">Available</subfield>
         <subfield code="f">1</subfield>
         <subfield code="g">0</subfield>
         <subfield code="h">N</subfield>
         <subfield code="i">0</subfield>
         <subfield code="j">SMALL</subfield>
         <subfield code="k">0</subfield>
      </datafield>
      <marc:datafield tag="852" ind1=" " ind2=" ">
         <marc:subfield code="b">Institute for the Study of the Ancient World, </marc:subfield>
         <marc:subfield code="c">Small Collection</marc:subfield>
         <marc:subfield code="e">15 East 84th St., </marc:subfield>
         <marc:subfield code="e">New York, NY  10028</marc:subfield>
      </marc:datafield>
   </record>