
  
  
  
  
  
  
  
  
  
  
  
  
  
  
 
  
  <record xsi:schemaLocation="http://www.loc.gov/MARC21/slim http://www.loc.gov/standards/marcxml/schema/MARC21slim.xsd">
      <leader>00000cam a22003134a 4500</leader>
      <controlfield tag="FMT">BK</controlfield>
      <controlfield tag="LDR">00000cam a22003134a 4500</controlfield>
      <controlfield tag="001">000054913</controlfield>
      <controlfield tag="003">NNU</controlfield>
      <controlfield tag="005">20181030121802.0</controlfield>
      <controlfield tag="008">040407s2004    miuab    b    100 0 eng</controlfield>
      <datafield tag="010" ind1=" " ind2=" ">
         <subfield code="a">2004047168</subfield>
      </datafield>
      <datafield tag="020" ind1=" " ind2=" ">
         <subfield code="a">0802821731 (pbk. : alk. paper)</subfield>
      </datafield>
      <datafield tag="035" ind1="9" ind2=" ">
         <subfield code="a">NYUb13022239</subfield>
      </datafield>
      <datafield tag="035" ind1=" " ind2=" ">
         <subfield code="a">(NYU)NYUb13022239</subfield>
      </datafield>
      <datafield tag="035" ind1=" " ind2=" ">
         <subfield code="a">(OCoLC)ocm54974570</subfield>
      </datafield>
      <datafield tag="040" ind1=" " ind2=" ">
         <subfield code="a">DLC</subfield>
         <subfield code="c">DLC</subfield>
         <subfield code="d">IOP</subfield>
         <subfield code="d">NNU</subfield>
      </datafield>
      <datafield tag="042" ind1=" " ind2=" ">
         <subfield code="a">pcc</subfield>
      </datafield>
      <datafield tag="050" ind1="0" ind2="0">
         <subfield code="a">BS621</subfield>
         <subfield code="b">.F88 2004</subfield>
      </datafield>
      <datafield tag="079" ind1=" " ind2=" ">
         <subfield code="a">(OCoLC)54974570</subfield>
      </datafield>
      <datafield tag="082" ind1="0" ind2="0">
         <subfield code="a">220.9/3</subfield>
         <subfield code="2">22</subfield>
      </datafield>
      <datafield tag="245" ind1="0" ind2="4">
         <subfield code="a">The future of biblical archaeology :</subfield>
         <subfield code="b">reassessing methodologies and assumptions : the proceedings of a symposium, August 12-14, 2001 at Trinity International University /</subfield>
         <subfield code="c">edited by James K. Hoffmeier &amp; Alan Millard.</subfield>
      </datafield>
      <datafield tag="260" ind1=" " ind2=" ">
         <subfield code="a">Grand Rapids, Mich. :</subfield>
         <subfield code="b">W.B. Eerdmans Pub.,</subfield>
         <subfield code="c">c2004.</subfield>
      </datafield>
      <datafield tag="300" ind1=" " ind2=" ">
         <subfield code="a">xviii, 385 p. :</subfield>
         <subfield code="b">ill., maps ;</subfield>
         <subfield code="c">24 cm.</subfield>
      </datafield>
      <datafield tag="500" ind1=" " ind2=" ">
         <subfield code="a">ISAW copy is from the library of Lawrence E. Stager.</subfield>
         <subfield code="5">NyNyUAW</subfield>
      </datafield>
      <datafield tag="504" ind1=" " ind2=" ">
         <subfield code="a">Includes bibliographical references.</subfield>
      </datafield>
      <datafield tag="505" ind1="8" ind2="0">
         <subfield code="t">Biblical archaeology versus Syro-Palestinian archaeology debate in its American institutional and intellectual contexts /</subfield>
         <subfield code="r">Ziony Zevit --</subfield>
         <subfield code="t">Theory and method in Biblical archaeology /</subfield>
         <subfield code="r">Thomas W. Davis --</subfield>
         <subfield code="t">Relationship between archaeology and the Bible : expectations and reality /</subfield>
         <subfield code="r">David Merling --</subfield>
         <subfield code="t">Integrating faith, the Bible, and archaeology : a review of the "Andrews Univesity way" of doing archaeology /</subfield>
         <subfield code="r">Randall W. Younker --</subfield>
         <subfield code="t">North Sinai archaeological project's excavations at Tell el-Borg (Sinai) : an example of the "new" Biblical archaeology? /</subfield>
         <subfield code="r">James K. Hoffmeier.</subfield>
      </datafield>
      <datafield tag="505" ind1="8" ind2="0">
         <subfield code="t">Homer and archaeology : minimalists and maximalists in classical context /</subfield>
         <subfield code="r">Edwin Yamauchi --</subfield>
         <subfield code="t">New working hypothesis for the identification of Migdol /</subfield>
         <subfield code="r">Benjamin Eddin Scolnic --</subfield>
         <subfield code="t">Deconstructing and reconstructing the united monarchy : House of David or Tent of David (current trends in Iron Age chronology) /</subfield>
         <subfield code="r">Steven M. Ortiz --</subfield>
         <subfield code="t">Amorites and Israelites : invisible invaders - modern expectation and ancient reality /</subfield>
         <subfield code="r">Alan Millard --</subfield>
         <subfield code="t">Sumer and the Bible : a matter of proportion /</subfield>
         <subfield code="r">William W. Hallo --</subfield>
         <subfield code="t">Ancient Israel's literary heritage compared with Hittite textual data /</subfield>
         <subfield code="r">Harry A. Hoffner.</subfield>
      </datafield>
      <datafield tag="505" ind1="8" ind2="0">
         <subfield code="t">Genesis in history and tradition : the Syrian background of Israel's ancestors, reprise /</subfield>
         <subfield code="r">Daniel E. Fleming --</subfield>
         <subfield code="t">Multiple-month ritual calendars in the West Semitic world : Emar 446 and Leviticus 23 /</subfield>
         <subfield code="r">Richard S. Hess --</subfield>
         <subfield code="t">Repopulation of Samaria (2 Kings 17:24, 27-31) in light of recent study /</subfield>
         <subfield code="r">K. Lawson Younger --</subfield>
         <subfield code="t">Methodological iussues in reconstructing language systems from epigraphic fragments /</subfield>
         <subfield code="r">Cynthia L. Miller --</subfield>
         <subfield code="t">Role of context and the promise of archaeology in Biblical interpretation from early Judaism to post modernity /</subfield>
         <subfield code="r">John M. Monson.</subfield>
      </datafield>
      <datafield tag="505" ind1="8" ind2="0">
         <subfield code="t">Ancient near Eastern mythography as it relates to historiography in the Hebrew Bible : Genesis 3 and the cosmic battle /</subfield>
         <subfield code="r">Richard E. Averbeck --</subfield>
         <subfield code="t">"Splendid truths" or "prodigious commotion"? Ancient near Eastern texts and the study of the Bible /</subfield>
         <subfield code="r">David B. Weisberg --</subfield>
         <subfield code="t">Can we write a hisory of Israel today? /</subfield>
         <subfield code="r">Andrew G. Vaughn.</subfield>
      </datafield>
      <datafield tag="630" ind1="0" ind2="0">
         <subfield code="a">Bible</subfield>
         <subfield code="x">Antiquities</subfield>
         <subfield code="v">Congresses.</subfield>
      </datafield>
      <datafield tag="651" ind1=" " ind2="7">
         <subfield code="a">Palaestina.</subfield>
         <subfield code="2">pleiades</subfield>
         <subfield code="0">https://pleiades.stoa.org/places/687995</subfield>
         <subfield code="5">NyNyUAW</subfield>
      </datafield>
      <datafield tag="700" ind1="1" ind2=" ">
         <subfield code="a">Stager, Lawrence E.,</subfield>
         <subfield code="e">former owner.</subfield>
         <subfield code="5">NyNyUAW</subfield>
      </datafield>
      <datafield tag="740" ind1="0" ind2=" ">
         <subfield code="a">Stager Collection.</subfield>
         <subfield code="5">NyNyUAW</subfield>
      </datafield>
      <datafield tag="700" ind1="1" ind2=" ">
         <subfield code="a">Hoffmeier, James Karl,</subfield>
         <subfield code="d">1951-</subfield>
      </datafield>
      <datafield tag="700" ind1="1" ind2=" ">
         <subfield code="a">Millard, A. R.</subfield>
         <subfield code="q">(Alan Ralph)</subfield>
      </datafield>
      <datafield tag="994" ind1=" " ind2=" ">
         <subfield code="a">Z0</subfield>
         <subfield code="b">ZYU</subfield>
      </datafield>
      <datafield tag="OWN" ind1=" " ind2=" ">
         <subfield code="a">GENERAL</subfield>
      </datafield>
      <datafield tag="AVA" ind1=" " ind2=" ">
         <subfield code="a">NYU50</subfield>
         <subfield code="b">BOBST</subfield>
         <subfield code="c">Main Collection</subfield>
         <subfield code="d">BS621 .F88 2004</subfield>
         <subfield code="e">available</subfield>
         <subfield code="t">Available</subfield>
         <subfield code="f">1</subfield>
         <subfield code="g">0</subfield>
         <subfield code="h">N</subfield>
         <subfield code="i">0</subfield>
         <subfield code="j">MAIN</subfield>
         <subfield code="k">0</subfield>
      </datafield>
      <datafield tag="AVA" ind1=" " ind2=" ">
         <subfield code="a">NYU50</subfield>
         <subfield code="b">NISAW</subfield>
         <subfield code="c">Small Collection</subfield>
         <subfield code="d">BS621 .F88 2004 Non-circulating</subfield>
         <subfield code="e">available</subfield>
         <subfield code="t">Available</subfield>
         <subfield code="f">1</subfield>
         <subfield code="g">0</subfield>
         <subfield code="h">N</subfield>
         <subfield code="i">0</subfield>
         <subfield code="j">SMALL</subfield>
         <subfield code="k">0</subfield>
      </datafield>
      <marc:datafield tag="852" ind1=" " ind2=" ">
         <marc:subfield code="b">Institute for the Study of the Ancient World, </marc:subfield>
         <marc:subfield code="c">Small Collection</marc:subfield>
         <marc:subfield code="e">15 East 84th St., </marc:subfield>
         <marc:subfield code="e">New York, NY  10028</marc:subfield>
      </marc:datafield>
   </record>